2410 3487
249 1039 296 1066 10

249 1397 255 1423 i
273 1383 293 1424 5

243 2811 294 2851 35

1070 252 1365 294 —213—

339 381 449 421 dum
492 380 738 436 praecipue
779 379 858 421 tibi
901 393 1084 424 censeo,
1131 393 1187 422 ne
1227 379 1344 422 uelis
1387 379 1567 436 aperire
1609 380 1681 423 uel
1724 380 1950 439 inspicere
1977 381 2101 424 illam

339 465 477 506 quam
528 449 643 492 seres
689 449 905 507 pyxidem
959 450 1030 492 uel
1080 449 1278 492 omnino
1326 484 1819 494 ..........................
1866 450 2102 495 addictum

338 520 568 563 curiosius
594 518 930 563 thensaurum'.

482 605 537 633 πο
572 590 648 636 Sic
669 591 809 634 turris
830 591 904 634 illa
924 590 1171 649 prospicua
1193 590 1540 634 uaticinationis
1561 605 1736 635 munus
1755 592 1988 650 explicuit.
2009 593 2107 637 Nec

340 674 515 704 morata
556 662 733 719 Psyche
772 662 920 720 pergit
952 663 1221 705 Taenarum
1259 661 1554 720 sumptisque
1593 662 1674 706 rite
1711 662 1911 721 stipibus
1951 663 2041 707 illis
2065 675 2107 707 et

338 732 492 774 ollulis
518 732 754 775 infernum
782 733 985 776 decurrit
1011 744 1237 781 meatum,
1268 733 1556 790 transitoque
1584 747 1663 791 per
1687 732 1926 777 silentium
1954 733 2106 778 asina-

339 802 407 845 rio
426 802 566 846 debili
589 815 631 846 et
655 803 837 846 amnica
864 803 981 862 stipe
1005 804 1177 847 uectori
1198 804 1321 856 data,
1343 804 1546 847 neclecto
1566 804 1913 862 supernatantis
1934 805 2105 849 mortui

338 873 571 917 desiderio
590 886 631 917 et
657 875 822 932 spretis
847 874 1087 918 textricum
1111 874 1322 918 subdolis
1342 874 1559 933 precibus
1583 886 1626 918 et
1641 874 1810 918 offulae
1829 874 1934 918 cibo
1957 875 2106 934 sopita

337 945 464 987 canis
489 945 718 988 horrenda
752 945 877 989 rabie
911 946 1106 989 domum
1146 946 1456 1003 Proserpinae
1491 958 1716 1004 penetrat.
1747 946 1843 989 Nec
1872 945 2108 990 offerentis

339 1015 549 1073 hospitae
589 1016 731 1059 sedile
774 1016 1022 1060 delicatum
1073 1016 1144 1059 uel
1185 1016 1341 1060 cibum
1388 1017 1573 1060 beatum
1616 1017 1847 1075 amplexa,
1885 1017 1964 1061 sed
2003 1029 2108 1061 ante

339 1087 478 1143 pedes
503 1086 603 1129 eius
629 1087 836 1130 residens
859 1087 1071 1139 humilis,
1089 1087 1265 1131 cibario
1283 1103 1401 1146 pane
1418 1099 1635 1132 contenta
1650 1087 1900 1132 Veneriam
1919 1088 2109 1147 pertulit

340 1157 638 1214 legationem.
685 1157 950 1216 Statimque
996 1170 1170 1202 secreto
1215 1159 1438 1217 repletam
1483 1159 1848 1217 conclusamque
1886 1159 2104 1218 pyxidem

338 1228 529 1285 suscipit
573 1241 615 1271 et
658 1228 827 1272 offulae
873 1230 1111 1287 sequentis
1159 1229 1321 1273 fraude
1371 1230 1551 1273 caninis
1597 1229 1838 1274 latratibus
1881 1230 2109 1274 obseratis

339 1298 616 1356 residuaque
645 1301 829 1343 nauitae
856 1301 1033 1343 reddita
1070 1301 1187 1359 stipe
1212 1301 1347 1360 longe
1384 1302 1591 1360 uegetior
1624 1301 1681 1344 ab
1707 1300 1869 1344 inferis
1895 1301 2105 1345 recurrit.

341 1369 394 1412 Et
432 1371 624 1428 repetita
664 1383 802 1428 atque
836 1371 1025 1415 adorata
1061 1371 1258 1415 candida
1296 1371 1379 1414 ista
1417 1372 1535 1424 luce,
1573 1387 1845 1430 quanquam
1885 1371 2108 1416 festinans

337 1441 617 1498 obsequium
645 1442 897 1485 terminare
925 1454 1128 1486 mentem
1151 1443 1333 1501 capitur
1357 1443 1603 1487 temeraria
1625 1443 1892 1487 curiositate
1917 1455 1959 1487 et
1980 1442 2110 1487 ‘ecce‘

338 1512 490 1569 inquit
520 1513 690 1571 ‘inepta
716 1528 803 1572 ego
827 1513 1018 1557 diuinae
1050 1513 1388 1558 formonsitatis
1411 1514 1589 1573 gerula,
1615 1529 1734 1572 quae
1765 1529 1848 1557 nec
1871 1513 2107 1558 tantillum

337 1583 526 1640 quidem
570 1584 777 1628 indidem
818 1585 930 1628 mihi
971 1585 1146 1632 delibo.
1175 1586 1246 1628 uel
1289 1585 1352 1628 sic
1391 1585 1454 1629 illi
1493 1585 1690 1629 amatori
1730 1600 1834 1629 meo
1867 1585 2110 1629 formonso

338 1654 577 1712 placitura
601 1667 644 1698 et
668 1670 772 1698 cum
800 1655 922 1699 dicto
949 1668 1121 1700 reserat
1146 1657 1381 1715 pyxidem.

481 1747 527 1775 21
574 1732 671 1776 Nec
691 1733 943 1790 quicquam
968 1733 1029 1776 ibi
1055 1748 1208 1777 rerum
1233 1748 1314 1777 nec
1334 1733 1635 1777 formonsitas
1662 1734 1771 1788 ulla,
1793 1733 1872 1777 sed
1898 1733 2109 1777 infernus

338 1817 533 1846 somnus
558 1818 607 1846 ac
634 1818 741 1847 uere
767 1803 974 1863 Stygius.
997 1804 1074 1862 qui
1098 1805 1250 1848 statim
1279 1805 1527 1863 coperculo
1548 1805 1780 1848 releuatus
1801 1804 1983 1849 inuadit
2005 1819 2105 1848 eam

335 1889 582 1932 crassaque
614 1875 796 1933 soporis
832 1875 1004 1918 nebula
1040 1876 1218 1920 cunctis
1254 1876 1354 1919 eius
1392 1876 1618 1920 membris
1649 1875 1947 1934 perfunditur
1982 1887 2025 1920 et
2061 1876 2105 1919 in

339 1945 439 2003 ipso
466 1945 661 2005 uestigio
688 1946 881 2004 ipsaque
907 1947 1071 1990 semita
1096 1947 1363 2006 conlapsam
1393 1947 1614 2006 possidet.
1644 1948 1699 1991 Et
1732 1947 1907 1991 iacebat
1938 1947 2109 1991 immo-

338 2015 444 2059 bilis
488 2028 530 2059 et
576 2017 689 2060 nihil
737 2017 863 2061 aliud
910 2033 1050 2076 quam
1098 2019 1340 2062 dormiens
1383 2019 1598 2062 cadauer.
1647 2018 1739 2064 Sed
1782 2018 1971 2077 Cupido
2015 2018 2105 2062 iam

336 2087 546 2131 cicatrice
571 2088 717 2131 solida
754 2090 1048 2133 reualescens
1083 2105 1165 2133 nec
1198 2090 1431 2134 diutinam
1469 2105 1578 2133 suae
1609 2090 1815 2149 Psyches
1847 2089 2107 2133 absentiam

337 2158 558 2204 tolerans.
604 2174 685 2217 per
734 2160 1009 2203 altissimam
1022 2196 1107 2204 .....
1157 2161 1392 2214 [cubiculi]
1437 2176 1532 2219 quo
1577 2161 1885 2205 cohibebatur
1923 2161 2110 2219 elapsus

338 2229 586 2274 fenestram
616 2230 890 2289 refectisque
917 2231 1073 2289 pinnis
1097 2233 1336 2290 aliquanta
1362 2233 1517 2291 quiete
1544 2233 1681 2291 longe
1708 2232 1917 2276 uelocius
1941 2247 2108 2291 prouo-

339 2301 437 2344 lans
464 2301 676 2359 Psychen
703 2303 901 2346 accurrit
934 2318 1086 2356 suam,
1113 2304 1392 2362 detersoque
1427 2318 1595 2347 somno
1629 2303 1811 2347 curiose
1846 2315 1888 2347 et
1920 2318 2107 2347 rursum

340 2372 383 2414 in
416 2372 659 2430 pristinam
704 2373 887 2432 pyxidis
927 2374 1082 2417 sedem
1125 2374 1366 2418 recondito
1403 2375 1614 2433 Psychen
1655 2375 1847 2418 innomo
1882 2374 2109 2433 punctulo

338 2443 528 2502 sagittae
547 2459 656 2487 suae
673 2445 863 2488 suscitat
882 2458 923 2488 et
944 2445 1098 2502 3‘ecce'
1118 2445 1271 2504 inquit
1287 2445 1489 2490 ‘rursum
1510 2446 1731 2504 perieras,
1750 2446 1948 2499 misella,
1965 2445 2108 2489 simili

338 2514 618 2558 curiositate.
658 2514 748 2561 Sed
790 2516 973 2560 interim
1014 2517 1205 2575 quidem
1245 2529 1291 2560 tu
1331 2517 1646 2575 prouinciam,
1677 2532 1796 2575 quae
1831 2516 1914 2560 tibi
1947 2516 2109 2560 matris

340 2600 467 2628 meae
518 2599 763 2644 praecepto
821 2589 1037 2631 mandata
1094 2600 1179 2642 est,
1225 2603 1453 2646 exequere
1497 2588 1696 2642 nauiter,
1737 2600 1885 2632 cetera
1927 2599 2110 2647 egomet

342 2655 531 2699 uidero‘.
576 2658 663 2700 His
698 2658 833 2701 dictis
870 2671 1050 2702 amator
1076 2659 1194 2702 leuis
1220 2659 1265 2702 in
1308 2659 1477 2717 pinnas
1517 2675 1562 2703 se
1601 2659 1744 2713 dedit„
1784 2659 1966 2718 Psyche
1995 2673 2108 2702 uero

338 2727 579 2771 confestim
611 2729 778 2773 Veneri
807 2745 983 2773 munus
1009 2742 1212 2789 reportat
1238 2731 1567 2789 Proserpinae.

481 2813 534 2841 22
575 2799 753 2843 Interea
779 2801 968 2859 Cupido
992 2817 1151 2845 amore
1178 2802 1326 2846 nimio
1351 2817 1543 2860 peresus
1568 2814 1610 2846 et
1634 2817 1767 2861 aegra
1794 2801 1925 2855 facie,
1948 2797 2107 2844 matris

340 2884 447 2911 suae
470 2871 756 2927 repentinam
781 2872 1075 2916 sobrietatem
1101 2873 1436 2931 pertimescens
1454 2874 1509 2917 ad
1531 2873 1769 2918 armillum
1793 2872 1910 2916 redit
1928 2871 2106 2929 alisque

341 2940 608 2996 pernicibus
643 2942 751 2984 caeli
791 2955 1030 3000 penetrato
1067 2945 1238 2987 uertice
1273 2959 1446 3003 magno
1478 2944 1579 2988 Ioui
1615 2942 2107 3002 supplicatjsuamque

338 3024 523 3052 causam
550 3012 728 3066 probat.
747 3013 884 3056 Tunc
905 3014 1115 3072 Iuppiter
1133 3015 1362 3072 prehensa
1383 3015 1636 3073 Cupidinis
1653 3014 1848 3058 buccula
1865 3027 2104 3070 manuque

340 3080 393 3122 ad
420 3096 470 3122 os
496 3097 543 3122 su
557 3097 630 3123 um
661 3084 798 3126 relata
819 3085 1059 3128 consauiat
1084 3098 1223 3143 atque
1242 3087 1297 3129 ad
1324 3086 1454 3129 illum
1481 3103 1489 3128 :
1513 3086 1632 3129 ‘licet
1650 3087 1713 3128 tu²
1732 3084 1884 3143 inquit
1899 3083 2105 3128 ‘domine
