2410 3487
257 1402 302 1443 15

251 2458 269 2469 a}

252 2474 305 2499 J‘!

254 2829 305 2855 >a

1094 267 1384 295 —20—

496 385 515 424 ὃ
558 383 649 424 la.»
675 397 862 438 quoquc
901 381 1111 424 fortunae
1139 380 1384 438 naufragio
1418 381 1597 439 Psyche
1631 382 1871 439 perterrita
1898 397 1980 426 nec
2007 382 2121 426 indi-

354 454 462 510 pisci
486 454 573 495 iani
601 452 818 494 maritum
849 451 1086 494 uolatilem
1108 452 1294 509 quiens,
1317 463 1408 495 tota
1429 466 1509 509 spe
1529 451 1691 496 salutis
1710 452 1919 511 deposita
1940 453 2003 497 sic
2024 454 2122 512 ipsa

352 541 456 566 snas
482 523 784 579 cogitationes
808 522 1075 566 consuluit:
1101 523 1216 566 ‘lam
1253 538 1371 580 quae
1408 535 1604 580 possunt
1628 523 1717 566 alia
1743 523 1859 567 meis
1882 524 2123 568 aerumnis

351 594 563 651 temptari
594 594 664 636 uel
692 593 902 636 adhiberi
931 593 1158 641 subsidia,
1185 594 1256 636 cui
1286 608 1367 636 nec
1391 594 1585 637 dearum
1621 594 1811 651 quidem
1848 609 2119 653 quanquam

353 665 609 708 nolentium
659 677 910 722 potuerunt
957 665 1175 722 prodesse
1226 664 1472 723 suffragia}
1531 679 1734 722 quosum
1789 664 1944 723 itaque
1984 666 2124 709 tantis

352 737 528 794 laqueis
570 736 745 778 inclusa
789 736 1038 794 uestigium
1083 736 1347 794 porrigam]-
1391 735 1660 793 quibusque
1701 735 1830 779 tectis
1870 737 1942 780 uel
1983 736 2120 780 etiam

350 808 555 850 tent-bris
586 807 857 850 abscondita
896 822 1090 865 magnae
1117 807 1313 850 Veneris
1349 805 1646 850 ineuitabiles
1676 807 1837 850 oculos
1870 806 2121 866 effugiam?

349 879 462 936 quin
498 878 637 933 igitur
676 878 936 921 masculum
975 879 1162 922 tandem
1202 877 1351 921 sumis
1388 877 1600 921 animum
1639 889 1681 922 et
1717 893 1871 922 cassae
1909 879 2124 937 speculae
2184 877 2187 881 ’

349 949 589 992 renuntias
616 949 793 992 sortiter
823 961 864 992 et
892 949 1153 993 ultroneam
1187 961 1227 992 te
1262 948 1483 993 dominae
1519 961 1623 992 tuae
1655 949 1811 993 reddis
1842 961 1885 993 et
1916 950 1988 993 uel
2025 964 2124 994 sera

281 1047 305 1063 n
350 1020 573 1064 modestia
601 1020 862 1063 saeuientes
889 1020 1093 1079 impetus
1112 1021 1213 1064 eius
1239 1020 1451 1079 mitigas}
1480 1020 1559 1078 qui
1587 1020 1722 1074 scias,
1743 1035 1798 1064 an
1820 1020 1960 1064 etiam
1981 1036 2124 1079 quem

347 1092 423 1134 diu
452 1091 685 1149 quaeritas
712 1091 802 1134 illic
829 1092 871 1134 in
898 1092 1041 1134 domo
1074 1092 1234 1136 matris
1269 1092 1546 1150 repperies³}
1584 1091 1661 1137 Sic
1686 1091 1742 1135 ad
1767 1091 1967 1136 dubium
1993 1092 2122 1136 obse-

347 1162 531 1219 quium.
568 1162 714 1205 immo
751 1163 806 1205 ad
847 1174 1025 1206 certum
1066 1163 1261 1206 exitium
1303 1175 1575 1220 praeparata
1611 1163 1899 1221 principium
1940 1162 2122 1208 futurae

346 1248 502 1276 secum
531 1233 843 1277 meditabatur
868 1233 1224 1277 obsecrationis.

487 1312 513 1349 οἳ
549 1314 607 1354 At
649 1311 806 1354 Venus
843 1311 1038 1354 terrenis
1075 1310 1296 1355 remediis
1332 1311 1656 1369 inquisitionis
1690 1311 1905 1355 abnuens
1939 1312 2121 1356 caelum

347 1382 473 1439 petit.
497 1382 628 1425 lubet
645 1382 850 1425 construi
870 1397 1080 1435 currum,
1099 1397 1241 1440 quem
1259 1381 1299 1425 ei
1317 1383 1558 1426 Vulcanus
1575 1381 1750 1426 aurifex
1770 1382 1928 1441 suptili
1949 1382 2121 1427 fabrica

346 1453 551 1496 studiose
593 1453 822 1511 poliuerat
861 1466 903 1496 et
945 1466 1049 1496 ante
1090 1453 1281 1497 thalami
1324 1454 1648 1497 rudimentum
1693 1453 1901 1512 nuptiale
1948 1469 2123 1498 munus

346 1524 594 1567 obtulerat.
635 1524 771 1567 limat·
810 1525 1046 1567 tenuantis
1085 1525 1366 1568 detrimento
1405 1524 1717 1583 conspicuum
1755 1536 1797 1568 et
1837 1524 1985 1583 ipsius
2020 1525 2121 1569 auri

345 1595 520 1637 damno
546 1595 821 1653 pretiosum.
853 1596 918 1639 De
946 1596 1105 1639 multis
1130 1611 1250 1653 quae
1274 1596 1392 1640 circa
1417 1595 1692 1639 cubiculum
1722 1595 1944 1640 dominae
1970 1597 2122 1640 stabu-

348 1667 440 1708 lant
478 1668 737 1724 procedunt
772 1679 994 1724 quattuor
1032 1667 1257 1711 candidae
1294 1667 1540 1711 columbae
1581 1679 1624 1710 et
1663 1666 1822 1711 hilaris
1863 1667 2122 1712 incessibus

348 1737 466 1795 picta
510 1737 624 1780 colla
681 1750 952 1795 torquentes
1009 1738 1169 1796 iugum
1225 1753 1497 1797 gemmeum
1552 1738 1756 1782 subeunt
1815 1750 2123 1798 susceptaque

346 1808 538 1851 domina
595 1809 737 1851 laetae
792 1809 1061 1853 subuolant.
1120 1811 1329 1853 Currum
1383 1810 1495 1853 deae
1541 1821 1878 1868 prosequentes
1923 1811 2119 1870 gannitu

345 1880 656 1937 constrepenti
685 1880 936 1924 lasciuiunt
962 1896 1171 1939 passeres
1195 1893 1237 1924 et
1261 1893 1436 1924 ceterae
1461 1896 1580 1939 quae
1599 1881 1735 1925 dulce
1760 1881 1985 1926 cantitant
2009 1897 2122 1926 aues

348 1951 525 1994 melleis
571 1951 775 1994 modulis
819 1967 964 1996 suaue
1011 1964 1282 1996 resonantes
1327 1953 1587 1996 aduentum
1631 1953 1743 1996 deae
1793 1953 2114 2011 pronuntiant.

346 2022 533 2065 Cedunt
571 2022 718 2065 nubes
749 2037 792 2065 et
827 2023 1007 2066 caelum
1056 2024 1175 2067 filiae
1213 2024 1434 2082 panditur
1472 2035 1515 2067 et
1554 2039 1772 2068 summus
1811 2025 1970 2069 aether
2010 2039 2120 2069 cum

345 2093 517 2151 gaudio
553 2093 745 2151 suscipit
782 2094 934 2137 deam.
974 2096 1071 2139 Nec
1110 2095 1277 2138 obuias
1313 2095 1495 2153 aquilas
1536 2095 1608 2139 uel
1650 2095 1892 2154 accipitres
1932 2110 2121 2154 rapaces

347 2164 851 2223 pertimescitumagnae
879 2166 1074 2210 Veneris
1098 2181 1268 2210 canora
1294 2165 1486 2210 familia.

491 2251 513 2292 7
549 2236 683 2279 Tunc
729 2251 774 2279 se
812 2237 1027 2295 protinus
1071 2238 1125 2280 ad
1174 2237 1302 2281 Iouis
1343 2237 1492 2297 regias
1531 2252 1658 2282 arces
1697 2237 1856 2298 dirigit
1895 2249 1937 2282 et
1972 2237 2115 2297 petitu

347 2305 551 2363 superbo
579 2307 799 2361 Mercuri2
826 2308 897 2351 dei
926 2308 1117 2361 uocalis,
1144 2323 1313 2366 operae
1340 2308 1647 2352 necessariam
1676 2324 1869 2352 usuram
1897 2310 2116 2368 postulat.

350 2377 446 2420 Nec
468 2377 653 2420 rennuit
678 2378 803 2421 louis
822 2379 1063 2422 caerulum
1085 2379 1406 2438 supercilium.
1428 2380 1566 2423 Tunc
1582 2395 1732 2423 ouans
1749 2379 1854 2424 ilico
1869 2380 2120 2425 comitante

346 2448 484 2491 etiam
526 2449 761 2492 Mercurio
800 2450 958 2493 Venus
993 2450 1120 2493 caelo
1156 2451 1341 2494 demeat
1376 2451 1512 2509 eique
1549 2450 1743 2494 sollicite
1779 2451 1888 2495 serit
1925 2451 2069 2496 uerba
2107 2469 2116 2495 :

343 2520 521 2563 ‘Frater
561 2521 746 2573 Arcadiff
783 2521 870 2563 scis
909 2536 1077 2579 nempe
1112 2536 1324 2565 sororem
1359 2533 1490 2566 tuam
1515 2523 1749 2566 Venerem
1772 2522 1873 2567 sine
1912 2523 2117 2568 Mercuri

348 2591 607 2647 praesentia
647 2591 707 2633 nil
749 2607 956 2649 unquam
985 2592 1163 2642 fecisse,
1192 2607 1272 2636 nec
1297 2605 1338 2637 te
1369 2593 1588 2652 praeterit
1618 2593 1798 2652 utique,
1824 2606 2000 2652 quanto
2025 2594 2114 2639 iam

348 2674 557 2719 tempore
602 2662 948 2705 delitescentem
987 2663 1204 2707 ancillam
1245 2664 1546 2722 nequiuerint
1592 2664 1844 2723 repperire.
1889 2664 1968 2710 Nil
2008 2680 2118 2725 ergo

348 2745 558 2789 superest
588 2748 728 2790 quam
764 2746 843 2776 tuo
876 2735 1124 2791 praeconio
1159 2735 1425 2792 praemium
1461 2735 1835 2795 inuestigationis
1865 2735 2119 2795 publicitus

348 2803 542 2847 edicere.
574 2804 662 2847 Fac
687 2820 795 2861 ergo
822 2806 1093 2849 mandatum
1132 2819 1337 2850 matures
1372 2821 1533 2850 meum
1565 2819 1607 2850 et
1641 2806 1829 2861 indicia,
1855 2806 1934 2865 qui
1972 2807 2118 2865 possit

349 2875 553 2928 agnosci,
583 2875 823 2919 manifeste
849 2876 1081 2934 designes,
1110 2892 1165 2920 ne
1189 2877 1338 2935 siquis
1361 2878 1686 2922 occultationis
1715 2877 1914 2922 inlicitae
1939 2878 2114 2922 crimen

350 2946 561 2994 subierit,
609 2947 896 3001 ignorantiae
942 2963 987 2990 se
1033 2948 1177 3006 possit
1220 2949 1516 2993 excusatione
1559 2948 1838 2993 defendere³.
1881 2949 1938 2992 Et
1975 2948 2116 2993 simul

349 3016 506 3059 dicens
548 3017 755 3061 libellum
800 3018 837 3061 ei
880 3018 1090 3077 porrigit,
1134 3019 1213 3066 ubi
1254 3020 1460 3078 Psyches
1500 3035 1668 3064 nomen
1711 3019 2038 3064 continebatur
2074 3031 2116 3064 et

350 3099 511 3129 cetera.
541 3091 654 3144 Quo
681 3088 797 3132 facto
823 3089 1037 3147 protinus
1061 3091 1256 3133 domum
1284 3091 1486 3134 secessit.
