2410 3487
1107 247 1364 286 ..S-.-

350 374 639 430 proccdcntis
667 373 765 415 labe
800 373 1049 416 consilium
1076 373 1263 417 tacitum
1296 374 1589 432 proderetur,
1614 390 1729 421 auro
1761 375 1878 422 facto
1905 392 2109 437 gemmo-

349 443 437 500 sisq
448 460 500 486 nc
515 458 620 485 mon
632 444 638 484 i
649 444 655 484 l
667 444 673 484 i
684 442 1056 486 busonustaseas
1067 443 1219 487 statim
1234 455 1398 487 uocato
1411 444 2106 506 Zephyrotraditreportandas.

487 538 514 576 ι)
549 519 660 574 Quo
686 531 908 576 protenus
931 530 1194 576 perpetrato
1218 534 1402 563 sorores
1421 520 1632 578 egregiae
1651 522 1843 567 domum
1866 523 2111 568 redeuntes

349 590 531 645 iamque
556 589 790 646 gliscentis
816 588 1022 632 inuidiae
1047 589 1150 633 selle
1175 589 1422 648 fraglantes
1454 591 1596 634 multa
1622 606 1777 637 secum
1812 594 2111 639 sermonibus

349 659 520 701 mutuis
546 658 911 717 perstrepebant.
938 658 1015 705 Sic
1039 660 1241 718 denique
1269 660 1368 704 infit
1393 661 1532 704 altera
1562 678 1569 704 :
1594 660 1679 706 ‘En
1706 662 1818 706 orba
1843 675 1885 707 et
1908 679 2046 708 saeua
2068 677 2112 708 et

348 729 504 785 iniqua
530 730 756 773 Fortuna!
783 731 947 773 ltocine
968 730 1048 773 tibi
1068 731 1347 788 complacuit
1369 742 1415 774 ut
1436 743 1633 790 utroque
1651 732 1746 790 pari
1772 745 1962 791 parente
1979 749 2111 794 prog—

347 812 476 842 ratae
514 799 747 843 diuersam
786 812 954 844 sortem
995 800 1359 845 sustineremus}
1398 814 1440 845 et
1487 817 1571 845 nos
1601 803 1810 860 quidem,
1848 819 1967 867 quae
2002 816 2110 849 natu

348 870 545 913 maiores
570 885 748 916 sumus.
777 871 954 914 maritis
978 872 1173 915 aduenis
1197 872 1391 916 ancillae
1421 873 1620 925 deditae,
1647 886 1849 918 extorres
1877 886 1920 918 et
1951 875 2043 919 lare
2071 887 2113 919 et

347 942 442 997 ipsa
471 940 614 998 patria
647 942 888 999 degamus.
917 943 1050 1000 longe
1086 955 1331 1000 parentum
1371 944 1496 987 uelut
1531 944 1785 994 exulantes,
1813 945 1923 989 haec
1957 957 2111 990 autem

279 1035 285 1050 t
347 1012 620 1056 nouissima.
667 1027 806 1069 quam
857 1012 948 1056 fetu
995 1013 1188 1056 satiante
1235 1027 1497 1071 postremus
1549 1027 1707 1073 partus
1750 1015 1929 1069 effudit,
1975 1016 2113 1060 tantis

345 1082 514 1138 opibus
543 1095 583 1125 et
614 1083 700 1126 deo
733 1083 898 1126 marito
929 1084 1070 1141 potita
1108 1085 1180 1133 sit,
1207 1100 1325 1142 quae
1361 1100 1442 1128 nec
1478 1085 1540 1128 uti
1575 1097 1691 1129 recte
1723 1098 1845 1130 tanta
1877 1086 2111 1131 bonorum

345 1152 476 1209 copia
503 1152 657 1195 nouit}
687 1153 861 1198 uidisti.
884 1169 1031 1198 soror.
1053 1167 1225 1212 quanta
1255 1155 1297 1198 in
1324 1156 1466 1199 domo
1490 1156 1638 1200 iacent
1661 1169 1704 1200 et
1723 1157 1877 1214 qualia
1898 1156 2110 1208 monilia..

346 1237 462 1278 quae
479 1223 739 1280 praenitent
757 1237 922 1268 uestes.
940 1240 1058 1282 quae
1073 1225 1366 1283 splendicant
1385 1241 1486 1284 gem
1497 1241 1614 1279 mae,
1631 1239 1858 1285 quantum
1876 1240 2111 1286 praeterea

348 1293 516 1350 passim
553 1295 753 1337 calcatur
788 1310 972 1338 aurum.
1001 1295 1144 1352 Quod
1183 1296 1217 1339 si
1258 1297 1475 1340 maritum
1513 1298 1648 1341 etiam
1689 1309 1779 1341 tam
1818 1298 2110 1342 formonsum

346 1376 467 1407 tenet
504 1377 549 1407 ut
580 1365 812 1409 adfirmat.
840 1366 964 1409 nulla
1002 1381 1125 1409 nunc
1160 1366 1203 1409 in
1239 1367 1351 1410 orbe
1386 1380 1481 1410 toto
1516 1367 1693 1412 felicior
1725 1368 1869 1421 uiuit3
1905 1368 2113 1413 fortassis

346 1447 497 1478 tamen
527 1436 802 1493 procedente
827 1437 1165 1480 consuetudine
1190 1449 1231 1480 et
1256 1437 1513 1481 adfectione
1536 1439 1749 1482 roborata
1769 1439 1902 1483 deam
1925 1455 2112 1498 quoque

347 1505 470 1548 illam
493 1505 607 1549 deus
628 1506 821 1550 maritus
840 1507 1019 1550 efficiet.
1042 1507 1119 1553 Sic
1139 1521 1204 1551 est
1225 1509 1452 1561 herculesq
1472 1509 1535 1552 sic
1555 1524 1601 1552 se
1620 1509 1807 1568 gerebat
1825 1509 2109 1568 ferebatque.

350 1576 443 1619 lam
469 1576 556 1619 iam
585 1592 768 1620 sursum
797 1578 983 1636 respicit
1008 1590 1049 1622 et
1073 1580 1207 1622 deam
1235 1579 1379 1638 spirat
1405 1580 1588 1633 mulier,
1615 1595 1734 1638 quae
1762 1596 1898 1624 uoces
1922 1581 2114 1625 ancillas

350 1647 552 1690 habetet
578 1648 729 1691 uentis
762 1648 874 1706 ipsis
912 1649 1162 1707 imperitat.
1189 1654 1248 1694 At
1284 1666 1369 1709 ego
1406 1651 1574 1694 misera
1600 1651 1805 1709 primum
1845 1664 1973 1710 patre
2009 1666 2114 1696 meo

346 1718 578 1761 seniorem
605 1719 823 1762 maritum
851 1719 1009 1763 sortita
1035 1735 1157 1773 sum,
1183 1721 1288 1764 dein
1322 1721 1562 1765 cucurbita
1593 1721 1845 1766 caluiorem
1871 1734 1914 1766 et
1943 1722 2114 1780 quouis

347 1804 492 1846 puero
527 1790 836 1847 pusilliorem.
863 1803 1075 1835 cunctam
1107 1792 1300 1836 domum
1333 1792 1448 1836 seris
1472 1804 1514 1836 et
1537 1793 1710 1836 catenis
1734 1792 1942 1837 obditam
1967 1805 2113 1838 custo·

345 1860 578 1903 dientem'.

502 1947 551 1974 ιο
586 1931 792 1990 Suscipit
816 1932 902 1975 alia
933 1951 940 1975 :
966 1932 1081 1991 ‘Ego
1113 1949 1225 1977 uero
1257 1934 1476 1977 maritum
1512 1934 1746 1979 articulari
1778 1935 1916 1978 etiam
1948 1934 2114 1978 morbo

345 2003 674 2060 complicatum
712 2016 1053 2061 curuatumque
1091 2019 1140 2048 ac
1180 2020 1262 2063 per
1302 2004 1387 2048 hoc
1427 2004 1667 2049 rarissimo
1705 2020 1923 2049 uenerem
1961 2019 2111 2049 meam

349 2074 623 2117 recolentem
671 2074 896 2118 sustineo.
944 2075 1221 2133 plerumque
1261 2076 1466 2119 detortos
1504 2087 1547 2119 et
1590 2076 1780 2120 duratos
1825 2076 1868 2119 in
1911 2075 2111 2133 lapidem

346 2143 515 2200 digitos
539 2144 638 2187 eius
664 2144 937 2203 perfricanS,
964 2145 1184 2190 fomentis
1208 2146 1347 2190 olidis
1371 2159 1412 2190 et
1438 2147 1606 2205 pannis
1639 2147 1842 2191 sordidis
1866 2158 1909 2190 et
1932 2145 2114 2190 faetidis

345 2215 755 2273 cataplasmatibus
799 2231 966 2260 manus
1011 2229 1102 2260 tam
1147 2217 1367 2261 delicatas
1412 2217 1520 2261 istas
1564 2218 1785 2270 adurens,
1831 2233 1914 2261 nec
1959 2216 2115 2261 uxoris

346 2285 596 2329 officiosam
629 2286 810 2339 faciem,
838 2288 915 2331 sed
944 2288 1149 2332 medicae
1182 2288 1462 2332 laboriosam
1496 2303 1743 2347 personam
1776 2288 2029 2332 sustinens.
2058 2287 2115 2332 Et

347 2369 392 2399 tu
425 2356 632 2413 quidem,
666 2372 814 2410 soror,
848 2358 1038 2410 uideris,
1071 2374 1210 2417 quam
1245 2359 1435 2417 patienti
1471 2359 1540 2403 uel
1575 2359 1730 2417 potius
1759 2358 1915 2403 seruili
1946 2358 2111 2416 (dicam

347 2427 470 2470 enim
500 2427 641 2471 libere
661 2429 785 2485 quod
812 2429 975 2481 sentio)
995 2430 1105 2472 haec
1126 2429 1329 2488 perferas
1348 2430 1524 2473 animo.
1550 2430 1807 2474 Enimuero
1826 2445 1912 2488 ego
1931 2443 2114 2487 nequeo

348 2499 573 2541 sustinere
629 2499 821 2542 ulterius
876 2512 967 2543 tam
1024 2501 1203 2544 beatam
1260 2500 1493 2544 fortunam
1549 2501 1817 2559 conlapsam
1875 2500 2110 2559 indignae.

352 2569 612 2612 Recordare
637 2570 779 2613 enim.
807 2586 946 2628 quam
975 2571 1190 2629 superbe.
1218 2587 1357 2629 quam
1395 2572 1672 2630 adroganter
1702 2571 1947 2615 nobiscum
1971 2569 2115 2630 egerit

348 2652 388 2682 et
407 2640 501 2697 ipsa
523 2640 767 2683 iactatione
785 2642 1063 2685 immodicae
1080 2642 1404 2686 ostentationis
1421 2654 1677 2686 tumentem
1702 2657 1838 2686 suum
1858 2640 2115 2700 prodiderit

348 2711 557 2754 animum
584 2712 732 2768 deque
758 2713 896 2755 tantis
920 2713 1098 2756 diuitiis
1123 2713 1285 2771 exigua
1319 2713 1454 2756 nobis
1486 2713 1631 2757 inuita
1664 2713 1909 2772 proiecerit
1937 2711 2111 2756 confes·

349 2781 524 2838 timque
552 2783 805 2839 praesentia
835 2796 988 2826 nostra
1013 2796 1202 2842 grauata
1224 2783 1419 2842 propelli
1441 2796 1482 2827 et
1507 2785 1646 2828 efflari
1675 2783 2003 2841 exsibilarique
2029 2797 2114 2827 nos

351 2852 548 2894 iusserit.
591 2853 687 2896 Nec
723 2869 823 2896 sum
865 2854 1031 2897 mulier
1070 2870 1150 2898 nec
1186 2855 1383 2899 omnino
1416 2855 1560 2913 spiro,
1588 2854 1673 2898 nisi
1711 2869 1812 2898 eam
1846 2868 2030 2913 pessum
2056 2853 2112 2897 de

350 2923 487 2964 tantis
522 2923 690 2980 opibus
723 2925 946 2967 deiecero.
975 2930 1040 2969 Ac
1067 2926 1099 2968 si
1138 2925 1218 2969 tibi
1256 2927 1413 2979 etiam,
1441 2937 1488 2969 ut
1523 2941 1607 2984 par
1641 2937 1723 2979 est,
1750 2924 1923 2968 inacuit
1957 2935 2111 2968 nostra

349 2994 649 3036 contumelia.
687 2995 934 3038 consilium
975 2997 1182 3039 ualidum
1219 2996 1514 3054 requiramus
1553 2995 1734 3039 ambae.
1776 2995 1969 3052 lamque
2007 2994 2110 3047 ista.,

350 3079 468 3121 quae
493 3064 700 3107 ferimus.
732 3080 820 3107 non
851 3067 1121 3124 parentibus
1157 3067 1325 3111 nostris
1360 3082 1409 3111 ac
1435 3081 1515 3112 nec
1552 3066 1629 3110 ulli
1667 3076 1981 3110 monstremus
2015 3064 2110 3121 alii,
