2410 3487
1007 231 1271 273 ..7-

259 346 521 404 pernicioso
546 345 741 388 consilio
767 362 900 389 suasa
926 347 982 389 de
1008 346 1154 389 forma
1183 347 1333 390 mariti
1361 359 1569 404 quaerat,
1593 362 1708 390 neue
1734 363 1780 389 se
1807 347 2025 405 sacrilega

258 416 523 460 curiositate
548 417 603 459 de
627 428 754 459 tanto
785 416 1078 460 fortunarum
1113 429 1330 476 suggestu
1368 433 1553 475 pessum
1581 417 1747 461 deiciat
1783 433 1863 460 nec
1889 433 2023 461 suum

257 499 416 545 postea
460 488 696 545 contingat
740 488 1024 546 amplexum.
1072 488 1256 532 Gratias
1301 488 1391 546 egit
1436 488 1601 531 marito
1643 488 1827 545 iamque
1869 489 2028 531 laetior

257 558 415 601 animo
444 575 450 600 :
476 559 568 601 ‘sed
595 558 738 616 prius³
768 558 918 615 inquit
946 559 1133 602 ‘centies
1159 559 1331 602 moriar
1355 574 1494 616 quam
1527 571 1606 601 tuo
1639 559 1724 601 isto
1755 559 2027 602 dulcissimo

258 629 460 672 conubio
496 644 693 672 caream.
732 633 855 672 Amo
892 629 1016 672 enim
1056 641 1098 672 et
1137 629 1336 672 efflictim
1379 640 1438 681 te„
1465 629 1750 686 quicumque
1788 645 1852 681 es7
1884 630 2027 687 diligo

258 715 404 757 aeque
444 711 492 743 ut
532 715 688 743 meum
731 700 946 758 spiritum
990 715 1071 743 nec
1109 699 1196 757 ipsi
1235 699 1460 757 Cupidini
1500 715 1736 757 comparo.
1778 700 1869 745 Sed
1907 700 2026 742 istud

257 771 393 814 etiam
415 771 532 814 meis
553 771 786 828 precibus,
808 786 907 821 oro„
931 770 1096 829 largire
1117 782 1159 813 et
1179 771 1243 813 illi
1263 783 1343 813 tuo
1362 770 1538 813 famulo
1558 770 1774 828 Zephyro
1795 770 2025 828 praecipe„

257 842 397 885 simili
422 854 611 885 uectura
636 857 817 885 sorores
838 842 927 884 huc
950 841 1063 884 mihi
1087 839 1242 884 sistaff.
1269 842 1325 885 Et
1345 841 1623 899 imprimens
1643 841 1799 884 oscula
1820 841 2027 884 suasoria

257 926 296 957 et
313 913 572 971 inurguens
589 913 731 956 uerba
749 912 1000 955 mulcentia
1015 923 1057 955 et
1075 912 1290 971 ingerens
1307 912 1516 956 membra
1534 912 1743 971 cogentia
1762 912 1873 956 haec
1890 912 2026 955 etiam

257 984 496 1028 blanditiis
516 984 677 1026 astruit
698 995 705 1026 :
723 982 801 1029 ‘Mi
826 983 1014 1036 mellite,
1035 982 1096 1026 mi
1120 983 1299 1037 marite,
1319 995 1422 1026 tuae
1444 984 1652 1042 Psychae
1674 983 1823 1026 dulcis
1843 983 2028 1030 animal

255 1055 388 1114 Vi}ac
413 1054 625 1112 potestati
652 1054 823 1097 Veneri
850 1069 1070 1097 susurrus
1097 1053 1273 1097 inuitus
1298 1054 1543 1097 succubuit
1575 1054 1768 1097 maritus
1799 1066 1841 1097 et
1865 1065 2027 1097 cuncta

256 1142 301 1170 se
326 1126 555 1169 facturum
592 1125 846 1183 spopondit
883 1136 1019 1182 atque
1057 1125 1195 1168 etiam
1235 1126 1333 1168 luce
1372 1137 1680 1183 proxumante
1718 1126 1772 1168 de
1810 1123 2028 1168 manibus

256 1197 413 1241 uxoris
441 1196 649 1240 euanuit.

375 1284 397 1326 7
434 1271 494 1312 At
520 1267 624 1311 illae
655 1282 839 1311 sorores
872 1279 1165 1325 percontatae
1197 1269 1441 1326 scopulum
1478 1268 1726 1325 locumque
1758 1267 1908 1320 illum„
1935 1283 2028 1325 quo

254 1339 402 1383 fuerat
428 1339 610 1397 Psyche
629 1340 827 1392 deserta,
849 1339 1122 1382 festinanter
1147 1339 1408 1383 adueniunt
1428 1339 1586 1396 ibique
1605 1338 1845 1382 difflebant
1869 1339 2028 1382 oculos

254 1424 294 1455 et
320 1410 604 1469 plangebant
637 1411 796 1463 ubera„
824 1411 976 1468 quoad
1003 1411 1177 1454 crebris
1203 1426 1361 1454 earum
1394 1410 1680 1454 heiulatibus
1715 1425 1819 1452 saxa
1855 1422 2029 1453 cautes-

253 1497 342 1540 que
375 1481 568 1539 parilem
605 1497 773 1525 sonum
811 1483 1103 1526 resultarent.
1134 1480 1328 1540 Iamqu'e
1364 1482 1554 1525 nomine
1591 1482 1784 1540 proprio
1819 1497 2026 1525 sororem

255 1553 472 1596 miseram
498 1552 699 1605 ciebant„
727 1554 882 1610 quoad
909 1568 1024 1596 sono
1049 1553 1324 1610 penetrabili
1352 1553 1479 1596 uocis
1504 1552 1744 1596 ululabilis
1776 1568 1857 1610 per
1881 1568 2027 1611 prona

252 1625 444 1682 delapso
469 1639 631 1667 amens
657 1635 698 1667 et
722 1624 902 1682 trepida
930 1624 1112 1683 Psyche
1137 1624 1369 1682 procurrit
1394 1639 1415 1667 e
1441 1625 1582 1667 domo
1607 1635 1649 1667 et
1676 1639 1683 1664 ε
1709 1623 1852 1681 ‘quid'
1875 1624 2028 1681 inquit

250 1702 349 1739 ‘uos
391 1695 573 1739 miseris
611 1695 1028 1739 lamentationibus
1066 1696 1352 1753 nequiquam
1391 1695 1621 1753 affligitis?
1664 1710 1805 1752 quam
1843 1695 2026 1753 lugetis,

255 1768 436 1810 adsum.
468 1767 716 1826 Lugubres
742 1782 880 1810 uoces
899 1767 1096 1810 desinite
1118 1779 1159 1810 et
1178 1767 1373 1810 diutinis
1394 1766 1597 1810 lacrimis
1622 1767 1862 1809 madentes
1886 1781 2027 1824 genas

253 1839 417 1882 siccate
433 1839 639 1891 tandem,
662 1838 838 1896 quippe
859 1853 962 1881 cum
986 1838 1076 1881 iam
1099 1838 1286 1896 possitis
1306 1853 1446 1896 quam
1468 1837 1761 1896 plangebatis
1780 1838 2023 1896 amplecti³.

251 1911 387 1954 Tunc
413 1921 630 1953 uocatum
663 1910 932 1968 Zephyrum
960 1909 1193 1968 praecepti
1226 1909 1452 1953 maritalis
1482 1910 1717 1952 admonet.
1748 1910 1846 1954 Nec
1878 1924 2024 1961 mora„

252 1997 359 2024 cum
403 1981 478 2024 ille
524 1996 692 2039 parens
737 1980 936 2038 imperio
982 1980 1134 2024 statim
1181 1980 1560 2024 clementissimis
1605 1979 1791 2023 flatibus
1837 1980 2026 2023 innoxia

255 2065 441 2096 uectura
461 2053 672 2110 deportat
693 2052 809 2095 illas.
835 2053 930 2095 Iam
956 2052 1130 2095 mutuis
1149 2052 1443 2110 amplexibus
1463 2063 1505 2095 et
1528 2051 1859 2095 festinantibus
1884 2051 2026 2094 sauiis
2069 2076 2090 2101 «-

253 2139 350 2168 sese
376 2123 682 2182 perfruuntur
707 2136 749 2166 et
783 2124 885 2166 illae
918 2124 1100 2167 sedatae
1132 2124 1349 2167 lacrimae
1380 2122 1672 2181 postliminio
1704 2123 1900 2166 redeunt
1924 2138 2024 2180 pro-

253 2197 447 2239 lectante
487 2196 675 2254 gaudiO.
715 2194 821 2240 ‘Sed
864 2207 905 2238 et
944 2199 1129 2238 tectum³
1168 2195 1319 2253 inquit
1350 2194 1407 2238 cet
1447 2195 1588 2238 larem
1631 2206 1841 2237 nostrum
1884 2195 2026 2237 laetae

252 2266 481 2310 succedite
507 2278 549 2310 et
573 2266 762 2310 afflictas
787 2267 968 2310 animas
992 2282 1099 2310 cum
1126 2267 1306 2326 Psyche
1333 2278 1486 2310 uestra
1511 2265 1740 2310 recreate³.

371 2338 397 2381 8
433 2337 1420 2395 Sicallocutasummasopesdomusaureae
1436 2352 1702 2395 uocumque
1718 2337 2022 2380 seruientium

252 2410 530 2468 populosam
556 2408 781 2452 familiam
807 2409 1095 2452 demonstrat
1115 2409 1308 2453 auribus
1328 2424 1486 2452 earum
1509 2409 1788 2465 lauacroque
1814 2407 2023 2465 pulcher—

253 2481 372 2525 rimo
396 2492 438 2524 et
473 2480 759 2523 inhumanae
794 2495 980 2523 mensae
1014 2480 1205 2524 lautitiis
1239 2495 1314 2524 eas
1338 2480 1530 2538 opipare
1568 2479 1728 2532 reficit,
1757 2491 1804 2522 ut
1839 2478 2023 2522 illarum

253 2568 443 2611 prorsus
474 2551 740 2595 caelestium
769 2551 1040 2595 diuitiarum
1069 2552 1215 2610 copiis
1245 2551 1530 2595 affluentibus
1561 2551 1748 2594 satiatae
1781 2551 1869 2593 iam
1898 2565 2022 2608 prae-

250 2623 420 2667 cordiis
460 2623 648 2681 penitus
688 2623 921 2666 nutrirent
965 2623 1211 2666 inuidiam.
1264 2623 1478 2681 Denique
1523 2623 1661 2666 altera
1708 2637 1867 2665 earum
1914 2621 2023 2664 satis

250 2695 522 2753 scrupulose
541 2694 817 2752 curioseque
836 2695 1094 2752 percontari
1115 2709 1205 2738 non
1224 2695 1411 2745 desinit„
1430 2694 1535 2752 quis
1553 2694 1738 2737 illarum
1755 2693 2021 2737 caelestium

252 2765 407 2810 rerum
444 2765 683 2819 dominus,
711 2765 876 2823 quisue
913 2766 984 2809 uel
1017 2766 1168 2823 qualis
1204 2766 1351 2824 ipsius
1387 2766 1444 2809 sit
1481 2765 1690 2809 maritus,
1732 2766 1830 2809 Nec
1867 2776 2019 2807 tamen

252 2838 432 2896 Psyche
457 2837 699 2896 coniugale
733 2837 846 2880 illud
874 2849 1172 2895 praeceptum
1207 2838 1300 2880 ullo
1331 2849 1463 2895 pacto
1494 2848 1688 2880 temerat
1719 2836 1789 2879 uel
1825 2835 2022 2893 pectoris

251 2909 432 2953 arcanis
468 2908 625 2968 exigit‚
664 2909 741 2952 sed
773 2924 795 2951 e
828 2924 872 2951 re
911 2920 1015 2951 nata
1052 2908 1277 2967 confingit
1313 2923 1410 2952 esse
1450 2908 1670 2951 iuuenem
1707 2907 1941 2964 quendam
1980 2918 2021 2949 et

250 2980 534 3038 speciosum,
552 2981 855 3023 commodum
876 2980 1037 3022 lanoso
1054 2979 1256 3022 barbitio
1271 2995 1413 3037 genas
1431 2980 1474 3022 in
1485 2979 1799 3028 umbrantem„
1820 2978 2019 3035 plerum-

250 3067 338 3110 que
359 3051 642 3095 rurestribus
659 3066 708 3095 ac
727 3051 963 3095 montanis
981 3050 1230 3094 uenatibus
1246 3063 1543 3109 occupatuim
1562 3062 1604 3093 et
1622 3064 1772 3107 nequa
1790 3047 2020 3091 sermonis

2078 1004 2126 1031 lO

2079 1359 2084 1385 ι
2102 1346 2123 1387 5

2070 1717 2124 1745 20

2067 2416 2122 2460 30

2065 2775 2117 2818 35
