2410 3487
258 1393 263 1417 ι
282 1378 302 1418 5

279 1750 305 1769 ()

255 2443 273 2453 ιι

256 2457 310 2483 ,Ἢν

1081 266 1136 271 —
1209 240 1258 282 Η.)
1321 265 1377 271 —.

351 374 587 415 ziz-iritum.
630 371 757 427 qnasi
800 370 853 411 dc
897 382 1042 412 morte
1086 381 1330 426 parentum
1372 368 1548 426 aliquid
1592 370 1911 427 comperisset,
1959 370 2112 414 statim

351 459 515 485 naut-m
544 442 747 483 ,ist-ondit
774 453 814 482 ct
847 439 900 482 ad
939 439 1069 481 illum
1107 439 1350 497 scopulum
1389 439 1604 497 protinus
1638 441 1787 500 pergit
1819 454 1862 485 et
1894 441 2114 500 quamuis

348 515 436 554 »2310
455 515 589 555 flante
612 523 770 561 uento,
784 525 914 553 caeca
936 510 1183 568 speitamen
1203 509 1408 560 inhians,
1422 509 1593 568 ‘accipe
1612 515 1699 553 me‘
1715 510 2112 571 dicenstupido,

346 585 532 632 dignam
573 595 613 625 te
653 581 920 640 coniugem,
959 593 999 623 et
1040 592 1105 625 tu.
1144 580 1375 638 Zephyre,
1413 580 1596 638 suscipe
1632 581 1890 625 dominam’
1912 583 2030 627 saltu
2067 599 2113 626 se

349 655 551 697 maximo
588 652 886 711 praecipitem
915 652 1057 696 dedit.
1090 652 1185 694 Nec
1210 664 1364 695 tamen
1403 652 1457 694 ad
1495 651 1626 695 illum
1655 652 1806 695 locum
1845 654 1916 697 uel
1952 654 2114 698 saltem

349 738 527 768 mortua
566 724 811 781 peruenire
838 723 1001 778 potuit.
1034 723 1153 766 Nam
1192 737 1273 780 per
1306 737 1411 766 saxa
1436 722 1640 766 cautium
1680 722 1906 767 membris
1942 722 2116 768 iactatis

346 810 481 853 atque
512 794 748 852 dissipatis
782 807 823 838 et
861 794 1056 852 proinde
1093 806 1139 837 ut
1178 793 1444 837 merebatur
1482 793 1688 837 laceratis
1727 793 1985 838 uisceribus
2020 794 2117 838 suis

346 867 534 909 alitibus
570 865 822 923 bestiisque
857 865 1053 908 obuium
1090 864 1241 908 ferens
1277 864 1501 922 pabulum
1539 864 1730 908 interiit.
1761 865 1857 908 Nec
1883 864 2117 909 uindictae

346 937 582 995 sequentis
623 951 771 995 poena
813 936 1028 980 tardauit.
1074 937 1194 979 Nam
1241 936 1420 994 Psyche
1462 951 1623 979 rursus
1661 935 1931 980 errabundo
1969 937 2116 995 gradu

279 1035 304 1051 .›
347 1007 560 1066 peruenit
596 1008 650 1050 ad
682 1007 918 1050 ciuitatem
957 1006 1115 1057 aliam,
1156 1006 1199 1049 in
1239 1021 1330 1064 qua
1368 1005 1464 1065 pari
1502 1007 1642 1050 modo
1679 1021 1810 1050 soror
1847 1006 2119 1051 morabatur

346 1080 448 1122 alia.
481 1079 575 1122 Nec
600 1078 742 1121 setius
773 1090 815 1121 et
853 1078 950 1136 ipsa
988 1077 1165 1120 fallacie
1200 1077 1522 1136 germanitatis
1558 1077 1746 1121 inducta
1783 1089 1825 1121 et
1862 1077 1905 1120 in
1944 1077 2118 1122 sororis

347 1151 588 1193 sceleratas
634 1149 820 1207 nuptias
864 1149 1048 1192 aemula
1102 1148 1339 1192 festinauit
1382 1149 1438 1192 ad
1485 1148 1730 1207 scopulum
1778 1148 1920 1206 inque
1964 1148 2117 1193 simile

347 1221 509 1264 mortis
533 1220 726 1263 exitium
753 1219 934 1263 cecidit.
1776 1224 1779 1227 ’

491 1297 548 1341 28
585 1296 776 1340 Interim
803 1297 915 1340 dum
946 1296 1124 1354 Psyche
1150 1295 1410 1353 quaestioni
1438 1295 1691 1354 Cupidinis
1718 1295 1891 1340 intenta
1917 1297 2118 1355 populos

347 1368 640 1419 circumibat,
669 1372 740 1420 311]
769 1368 842 1411 ille
869 1367 1061 1410 uulnere
1088 1367 1302 1410 lucernae
1326 1366 1490 1410 dolens
1516 1366 1560 1410 in
1590 1367 1691 1425 ipso
1716 1368 1923 1411 thalamo
1947 1367 2118 1412 'matris

348 1442 499 1484 iacens
525 1439 806 1499 ingemebat.
834 1439 969 1482 'I'unc
1002 1437 1102 1481 auis
1128 1437 1315 1496 peralba
1343 1437 1418 1480 illa
1450 1438 1604 1496 gauia,
1630 1453 1748 1495 quae
1779 1453 1919 1496 super
1953 1439 2118 1483 fluctus

348 1512 556 1555 marinos
580 1510 740 1568 pinnis
772 1522 913 1559 natat,
939 1508 1168 1567 demergit
1198 1523 1296 1551 sese
1321 1523 1518 1567 propere
1548 1509 1604 1552 ad
1636 1509 1794 1552 oceani
1828 1509 2118 1567 profundum

346 1583 596 1641 gremium.
627 1582 695 1625 lbi
721 1582 1025 1624 commodum
1052 1580 1282 1623 Venerem
1311 1580 1544 1623 lauantem
1572 1591 1906 1638 natantemque
1930 1591 2121 1639 propter

347 1654 574 1697 adsistens
629 1652 801 1696 indicat
856 1652 1075 1695 adustum
1133 1650 1280 1694 filium
1337 1650 1454 1703 eius,
1511 1650 1640 1709 graui
1698 1650 1905 1695 uulneris
1958 1651 2118 1695 dolore

349 1736 653 1773 maerentem,
679 1723 877 1767 dubium
905 1722 1066 1766 salutis
1091 1722 1236 1765 iacere
1263 1722 1449 1780 iamque
1476 1736 1557 1780 per
1574 1734 1849 1765 cunctorum
1874 1737 1954 1766 ora
1974 1737 2118 1780 popu-

349 1799 498 1840 lorum
547 1794 818 1839 rumoribus
862 1793 1181 1851 conuiciisque
1228 1793 1372 1836 uariis
1415 1807 1605 1836 omnem
1648 1792 1846 1836 Veneris
1890 1792 2116 1836 familiam

350 1869 467 1911 male
504 1867 683 1916 audire,
710 1866 834 1923 quod
861 1865 935 1908 ille
960 1864 1150 1923 quidem
1192 1876 1418 1907 montano
1454 1875 1673 1917 scortatu,
1699 1875 1746 1908 tu
1785 1879 1898 1907 uero
1935 1863 2121 1908 marino

348 1951 503 1982 natatu
536 1937 816 1981 secesseritis
852 1951 902 1979 ac
927 1951 1008 1994 per
1034 1936 1120 1978 hoc
1158 1950 1248 1978 non
1290 1935 1507 1993 uoluptas
1545 1935 1655 1989 ulla,
1694 1945 1784 1978 non
1824 1934 1987 1994 gratia,
2026 1949 2118 1978 non

349 2011 495 2068 lepos,
521 2010 599 2053 sed
627 2008 862 2066 incompta
889 2021 930 2050 et
955 2006 1151 2066 agrestia
1175 2018 1218 2049 et
1250 2006 1439 2050 horrida
1469 2017 1633 2050 cuncta
1665 2006 1774 2060 sint,
1803 2020 1895 2050 non
1929 2005 2120 2064 nuptiae

348 2081 634 2139 coniugales,
682 2093 772 2122 non
819 2077 1051 2121 amicitiae
1096 2077 1306 2128 sociales,
1358 2092 1449 2121 non
1507 2077 1708 2121 liberum
1762 2076 1992 2131 caritates,
2039 2077 2119 2120 sed

349 2151 556 2195 enormis
579 2151 758 2194 eluuies
782 2162 824 2193 et
854 2148 1170 2207 squalentium
1202 2147 1444 2192 foederum
1478 2147 1674 2192 insuaue
1703 2147 1961 2191 fastidium.
1992 2149 2121 2192 Haec

351 2224 424 2266 illa
464 2222 659 2266 uerbosa
684 2234 727 2265 et
763 2221 872 2264 satis
908 2219 1089 2263 curiosa
1127 2219 1228 2262 auis
1265 2220 1309 2262 in
1350 2218 1544 2263 auribus
1580 2218 1776 2262 Veneris
1813 2218 1875 2262 fili
1914 2219 2121 2263 lacerans

350 2293 740 2337 existimationem
764 2292 1031 2351 ganniebat.
1049 2294 1108 2335 At
1125 2291 1284 2334 Venus
1304 2290 1416 2334 irata
1431 2289 1635 2334 solidum
1655 2290 1881 2334 exclamat
1899 2301 2117 2348 repente:

347 2366 487 2420 ‘Ergo
519 2365 607 2407 iam
649 2364 722 2407 ille
765 2363 917 2406 bonus
954 2361 1076 2406 filius
1112 2376 1244 2405 meus
1269 2361 1408 2405 habet
1432 2360 1630 2405 amicam
1658 2361 1897 2419 aliquam?
1936 2375 2120 2419 prome,

352 2437 571 2489 agedum.
597 2449 714 2492 quae
740 2434 835 2477 sola
872 2433 986 2476 mihi
1013 2432 1161 2476 seruis
1185 2444 1414 2486 amanter,
1441 2446 1613 2475 nomen
1646 2432 1746 2476 eius
1769 2446 1888 2490 quae
1920 2446 2120 2490 puerum

354 2508 609 2563 ingenuum
636 2518 679 2549 et
704 2505 933 2548 inuestem
959 2503 1243 2555 sollicitauit,
1271 2503 1369 2547 siue
1396 2503 1471 2547 illa
1495 2504 1551 2547 de
1584 2503 1921 2562 Nympharum
1946 2503 2122 2561 populo

354 2593 430 2620 seu
457 2579 511 2620 de
542 2579 776 2621 Horarum
811 2590 1009 2618 numero
1044 2590 1122 2618 seu
1159 2576 1215 2618 de
1253 2575 1499 2618 Musarum
1533 2575 1676 2618 choro
1711 2574 1782 2618 uel
1817 2574 1873 2617 de
1909 2588 2121 2618 mearum

353 2649 618 2692 Gratiarum
658 2646 946 2690 ministerio².
986 2647 1081 2689 Nec
1114 2646 1283 2703 loquax
1318 2646 1393 2688 illa
1428 2645 1651 2689 conticuit
1674 2645 1792 2699 auis,
1825 2645 1904 2688 sed
1935 2644 2121 2688 ‘nescio'
2180 2692 2185 2698 ,

356 2720 503 2776 inquit
537 2719 771 2762 'dominam
809 2730 920 2775 puto
952 2717 1156 2775 puellam
1192 2717 1243 2773 <si
1271 2717 1414 2774 probe
1450 2716 1664 2770 memini,
1693 2715 1896 2775 Psyches
1930 2715 2121 2760 nomine

354 2791 521 2833 dicitur
547 2790 705 2832 etllicte
718 2795 913 2846 cupere².
927 2789 1062 2831 Tunc
1080 2788 1320 2846 indignata
1337 2789 1496 2831 Venus
1512 2787 1789 2831 exclamauit
1806 2787 1877 2831 uel
1894 2786 2118 2830 maxime:

352 2861 580 2917 'Psychen
604 2861 693 2904 ille.
718 2875 845 2902 meae
868 2859 1043 2903 formae
1063 2859 1333 2908 succubam,
1352 2859 1440 2902 mei
1463 2858 1671 2902 nominis
1689 2858 1942 2911 aemulam,
1959 2857 1994 2901 si
2014 2872 2122 2901 uere

356 2932 522 2985 diligit.
582 2931 803 2974 nimirum
863 2931 974 2974 illud
1032 2930 1373 2974 incrementum
1422 2929 1574 2973 lenam
1622 2943 1695 2972 me
1744 2928 1945 2987 putauit,
1988 2927 2122 2972 cuius

359 3014 615 3044 monstratu
644 3002 844 3059 puellam
874 3002 997 3044 illam
1025 3002 1361 3059 cognosceret‘}

502 3087 556 3129 ιχ,
596 3073 719 3114 llaec
737 3072 965 3129 quiritans
983 3072 1240 3129 properiter
1259 3072 1453 3128 emergit
1472 3086 1494 3114 e
1515 3071 1632 3115 mari
1653 3085 1887 3127 suumque
1908 3068 2123 3127 protinus
