2410 3487
999 210 1292 254 „13-

262 341 359 385 Nec
394 351 604 383 nostrum
633 340 713 382 tibi
741 340 887 383 deerit
924 340 1206 388 subsidium.
1234 342 1312 384 scd
1352 356 1455 383 cum
1496 341 1699 399 primum
1737 341 1859 384 illius
1885 354 2031 385 morte

259 412 454 454 salutem
496 411 577 454 tibi
620 411 799 463 feceris,
839 411 1000 454 anxiae
1039 411 1429 469 praestolabimus
1464 413 1735 470 cunctisque
1771 413 1868 455 istis
1903 414 2032 456 ocius

259 495 407 525 tecum
439 482 592 525 relatis
619 482 791 525 uotiuis
818 482 995 540 nuptiis
1022 482 1262 525 hominem
1290 494 1331 525 te
1358 482 1608 541 iungemus
1635 484 1845 527 homini'.

404 575 452 602 21
494 559 597 602 Tali
620 560 872 603 uerborum
901 559 1118 602 incendio
1139 560 1375 602 flammata
1397 560 1572 602 uiscera
1594 560 1766 604 sororis
1791 561 1879 603 iam
1908 576 2031 618 pror-

259 647 337 673 sus
361 630 583 673 ardentis.
614 632 890 674 Deserentes
922 624 1068 688 ipsam
1104 630 1336 687 protinus„
1363 630 1477 672 tanti
1513 630 1619 672 mali
1652 631 1909 674 confinium
1945 631 2030 673 sibi

259 701 396 745 etiam
423 701 590 745 eximie
617 714 894 755 metuentes,
921 701 1056 744 flatus
1081 701 1203 743 alitis
1238 700 1444 758 impulsu
1472 701 1607 743 solito
1633 714 1869 759 porrectae
1895 718 2034 759 super

259 773 503 831 scopulum
551 773 656 816 ilico
702 772 877 830 pernici
924 787 970 815 se
1015 771 1122 830 fuga
1164 771 1431 829 proripiunt
1478 771 1727 829 statimque
1768 773 2034 816 conscensis

261 844 463 888 nauibus
499 845 687 887 abeunt.
727 847 787 887 At
824 843 1005 901 Psyche
1043 843 1199 886 relicta
1237 843 1349 895 sola,
1390 843 1477 886 nisi
1517 844 1642 900 quod
1683 843 1861 886 infestis
1900 844 2034 887 furiis

260 916 427 975 agitata
445 916 541 958 sola
562 929 652 958 non
672 927 756 967 est,
775 925 902 957 aestu
922 914 1070 972 pelagi
1088 913 1240 963 simile
1258 915 1511 957 maerendo
1530 914 1720 957 fluctuat
1737 926 1795 967 et7
1815 915 2034 972 quamuis

260 999 430 1030 statuto
468 985 664 1030 consilio
703 996 746 1028 et
789 984 1023 1027 obstinato
1069 984 1246 1036 animo„
1290 985 1379 1028 iam
1426 996 1578 1028 tamen
1626 985 1819 1028 facinori
1866 1001 2034 1039 manus

260 1060 521 1102 admouens
545 1057 697 1099 adhuc
724 1056 896 1099 incerta
921 1055 1103 1098 consilii
1129 1055 1297 1099 titubat
1330 1056 1582 1113 multisque
1613 1056 1889 1100 calamitatis
1925 1072 2033 1100 suae

259 1129 533 1173 distrahitur
571 1127 845 1171 adfectibus.
889 1127 1112 1180 Festinat„
1151 1126 1330 1173 differt:
1382 1128 1539 1181 audet,
1576 1128 1805 1185 trepidat3
1846 1127 2031 1181 diffidit,

260 1200 499 1256 irascitur3
539 1211 597 1249 et„
624 1199 750 1256 quod
786 1210 853 1241 est
891 1198 1125 1250 ultimum„
1155 1198 1200 1241 in
1244 1199 1407 1241 eodem
1444 1213 1638 1256 corpore
1680 1199 1778 1242 odit
1818 1199 2032 1253 bestiam,

259 1270 411 1329 diligit
454 1269 692 1313 maritum.
736 1270 941 1327 Vespera
986 1281 1139 1312 tamen
1184 1269 1273 1312 iam
1316 1281 1498 1313 noctem
1542 1272 1751 1313 trahente
1793 1271 2033 1328 praecipiti

258 1342 555 1385 festinatione
582 1341 744 1384 nefarii
772 1341 956 1384 sceleris
983 1341 1169 1384 instruit
1193 1353 1488 1399 apparatum.
1519 1343 1624 1386 Nox
1653 1342 1809 1385 aderat
1833 1354 1876 1385 et
1902 1342 2033 1386 mari-

258 1426 332 1457 tus
368 1415 543 1467 aderat,
585 1412 862 1471 primusque
902 1413 1101 1456 Veneris
1142 1413 1332 1470 proeliis
1373 1413 1590 1456 uelitatus
1630 1413 1774 1456 altum
1818 1428 2034 1472 soporem

259 1485 577 1528 descenderat.
1259 1528 1265 1533 .

403 1571 457 1599 22
493 1556 630 1599 Tunc
678 1555 855 1613 Psyche
911 1568 952 1598 et
1006 1554 1215 1613 corporis
1270 1567 1311 1598 et
1365 1554 1510 1598 animi
1566 1555 1774 1613 alioquin
1832 1556 2036 1610 infirmaa

260 1628 336 1671 fati
383 1640 538 1671 tamen
586 1627 780 1670 saeuitia
825 1627 1210 1670 subministrante
1256 1626 1438 1670 uiribus
1483 1627 1730 1671 roboratur
1774 1639 1816 1670 et
1861 1629 2037 1686 prolata

261 1699 450 1742 lucerna
495 1710 537 1742 et
582 1699 773 1756 adrepta
820 1698 1050 1740 nouacula
1090 1713 1250 1741 sexum
1298 1698 1490 1741 audacia
1532 1710 1754 1742 mutatur.
1798 1698 1888 1744 Sed
1930 1714 2037 1742 cum

261 1770 468 1828 primum
510 1769 705 1813 luminis
741 1769 978 1813 oblatione
1015 1769 1103 1812 tori
1144 1781 1317 1812 secreta
1356 1770 1641 1823 claruerunt,
1670 1770 1797 1813 uidet
1821 1770 2037 1814 omnium

261 1841 465 1885 ferarum
492 1841 789 1884 mitissimam
815 1841 1233 1898 dulcissimamque
1259 1841 1474 1895 bestiam,
1505 1841 1659 1899 ipsum
1688 1841 1819 1885 illum
1846 1841 2037 1900 Cupidi-

262 1928 367 1956 nem
394 1913 687 1956 formonsum
715 1914 853 1956 deum
882 1912 1118 1956 formonse
1149 1913 1417 1965 cubantem,
1445 1914 1577 1956 cuius
1608 1926 1795 1971 aspectu
1823 1914 2039 1957 lucernae

262 2000 450 2042 quoque
476 1985 632 2027 lumen
670 1984 921 2027 hilaratum
948 1983 1205 2027 increbruit
1229 1996 1271 2027 et
1305 1984 1537 2027 acuminis
1572 1984 1781 2043 sacrilegi
1809 1985 2039 2028 nouacula

262 2056 567 2114 praenitebat.
596 2060 656 2099 At
681 2071 793 2099 uero
820 2056 1001 2114 Psyche
1026 2067 1155 2099 tanto
1180 2067 1368 2114 aspectu
1388 2056 1606 2100 deterrita
1627 2068 1669 2099 et
1694 2055 1848 2114 impos
1873 2056 2038 2109 animi,
2083 2080 2103 2104 ·„

263 2127 470 2171 marcido
510 2127 686 2185 pallore
726 2126 900 2170 defecta
940 2139 1240 2185 tremensque
1279 2127 1458 2171 desedit
1502 2127 1545 2170 in
1595 2128 1713 2170 imos
1759 2127 1959 2185 poplites
1999 2140 2041 2170 et

263 2198 434 2242 ferrum
483 2198 665 2256 quaerit
709 2198 1012 2252 abscondere„
1053 2199 1131 2241 sed
1179 2199 1222 2241 in
1271 2214 1355 2242 suo
1396 2202 1597 2257 pectore.
1641 2198 1786 2256 Quod
1833 2199 2040 2257 profecto

262 2269 460 2321 fecisset„
477 2269 565 2313 nisi
587 2268 761 2313 ferrum
783 2269 950 2313 timore
970 2270 1083 2313 tanti
1104 2270 1260 2328 flagitii
1279 2270 1498 2313 manibus
1517 2270 1778 2314 temerariis
1793 2270 2038 2328 delapsum

263 2341 509 2384 euolasset.
539 2342 733 2399 Iamque
768 2342 905 2395 13553,
931 2341 1076 2384 salute
1114 2341 1307 2396 defecta7
1334 2343 1447 2385 dum
1483 2341 1670 2398 saepius
1704 2341 1853 2385 diuini
1883 2342 2041 2385 uultus

264 2412 472 2456 intuetur
527 2412 947 2470 pulchritudinem,
1004 2425 1236 2456 recreatur
1289 2413 1453 2456 animi.
1503 2412 1640 2456 Videt
1693 2412 1858 2471 capitis
1912 2413 2039 2456 aurei
2084 2422 2089 2429 ⁴

263 2484 495 2543 genialem
515 2484 765 2527 caesariem
788 2483 1024 2527 ambrosia
1043 2485 1369 2537 temulentam,
1391 2484 1594 2527 ceruices
1615 2484 1781 2528 lacteas
1805 2499 2040 2543 genasque

265 2570 527 2614 purpureas
566 2567 858 2613 pererrantes
898 2555 1101 2599 crinium
1141 2556 1306 2615 globos
1346 2556 1574 2599 decoriter
1615 2556 1884 2614 impeditos,
1927 2555 2042 2598 alios

265 2627 624 2684 antependuIOS„
652 2626 766 2670 alios
793 2627 1168 2685 retropendulos‚
1195 2643 1397 2685 quorum
1430 2628 1680 2685 splendore
1714 2627 1861 2670 nimio
1892 2626 2041 2686 fulgu-

266 2711 393 2742 rante
419 2699 509 2741 iam
537 2711 579 2741 et
604 2698 758 2756 ipsum
780 2699 939 2741 lumen
960 2699 1177 2742 lucernae
1198 2699 1487 2742 uaccillabat.
1512 2699 1603 2742 Per
1624 2714 1811 2742 umeros
1837 2699 2042 2742 uolatilis

265 2769 337 2813 dei
364 2769 537 2828 pinnae
564 2769 770 2813 roscidae
808 2769 995 2812 micanti
1034 2769 1145 2813 flore
1182 2770 1425 2813 candicant
1462 2782 1505 2813 et
1540 2770 1759 2828 quamuis
1796 2769 1880 2812 alis
1917 2770 2041 2827 quie-

266 2841 503 2884 scentibus
528 2840 724 2884 extimae
751 2841 990 2899 plumulae
1011 2841 1208 2884 tenellae
1233 2857 1282 2884 ac
1305 2841 1526 2885 delicatae
1549 2841 1744 2884 tremule
1767 2841 2042 2884 resultantes

267 2912 475 2970 inquieta
502 2912 766 2956 lasciuiunt.
795 2913 1013 2957 Ceterum
1045 2927 1215 2970 corpus
1239 2913 1494 2972 glabellum
1519 2924 1656 2970 atque
1684 2912 1970 2956 luculentum
1999 2924 2041 2955 et

267 2984 403 3041 quale
429 2983 664 3042 peperisse
690 2985 920 3027 Venerem
947 2998 1039 3026 non
1067 2983 1337 3041 paeniteret.
1365 2987 1487 3027 Ante
1514 2984 1665 3027 lectuli
1701 2985 1842 3041 pedes
1867 2983 2042 3026 iacebat

268 3070 401 3098 arcus
426 3067 467 3098 et
493 3056 706 3113 pharetra
732 3067 773 3098 et
798 3055 1005 3113 sagittae..
1034 3055 1190 3114 magni
1218 3055 1291 3098 dei
1319 3055 1520 3113 propitia
1546 3056 1650 3098 tela.

2084 1008 2132 1034 [O

2087 1348 2132 1389 15

2081 1719 2136 1747 20

2085 2419 2106 2462 5
2114 2434 2139 2459 ‹⁷›

2085 2775 2138 2818 35
