2410 3487
260 1009 306 1033 1ιῖ

251 1716 306 1744 20

251 2417 306 2459 30

1101 230 1360 260 -ῃ-

351 349 484 392 Tunc
511 348 761 404 uirginitati
790 362 897 390 suae
923 362 1006 405 pro
1031 359 1155 391 tanta
1189 347 1441 392 solitudine
1474 360 1689 394 metuens
1718 362 1760 394 et
1783 362 1922 409 pauet
1945 363 1986 395 et
2012 351 2112 395 hor·

352 418 483 461 rescit
528 431 567 461 et
613 418 782 475 quouis
828 417 951 460 malo
996 417 1100 475 plus
1144 417 1274 461 timet
1313 419 1439 475 quod
1481 417 1678 478 ignorat.
1713 420 1914 479 ‚lamque
1958 421 2114 466 aderat

353 488 571 545 ignobilis
610 488 802 532 maritus
839 500 881 531 et
920 500 1072 531 torum
1117 488 1408 532 inscenderat
1446 501 1489 532 et
1529 504 1718 534 uxorem
1764 489 1851 535 sibi
1901 491 2110 550 Psychen

352 559 513 602 fecerat
554 572 594 602 et
639 571 743 602 ante
790 558 903 601 lucis
947 570 1157 602 exortum
1204 573 1401 617 propere
1440 559 1728 604 discesserat.
1770 561 1937 607 Statim
1978 577 2115 606 uoces

351 629 564 672 cubiculo
591 629 894 686 praestolatae
920 643 1090 672 nouam
1118 641 1311 687 nuptam
1339 629 1605 674 interfectae
1630 629 1912 689 uirginitatis
1934 644 2112 676 curant.

355 700 479 743 llaec
504 699 688 742 diutino
712 711 922 757 tempore
947 699 1009 742 sic
1034 699 1307 757 agebantur.
1330 703 1500 758 Atque,
1522 713 1569 744 ut
1593 712 1660 744 est
1680 712 1841 745 natura
1862 701 2113 755 redditum,

351 771 533 812 nouitas
556 785 637 827 per
656 770 898 813 adsiduam
919 770 1307 814 consuetudinem
1328 771 1682 814 delectationem
1703 771 1742 814 ei
1766 773 2115 817 commendarat

349 854 388 883 et
407 856 550 883 sonus
566 841 692 883 uocis
711 840 911 884 incertae
929 840 1197 884 solitudinis
1214 854 1308 884 erat
1324 841 1567 885 solacium.
1589 842 1769 886 Interea
1786 853 2000 900 parentes
2014 842 2114 887 eius

350 911 580 954 indefesso
614 912 736 955 luctu
773 924 909 969 atque
944 926 1152 955 maerore
1189 912 1599 965 consenescebant„
1642 912 1871 970 latiusque
1905 925 2114 971 porrecta

350 982 467 1025 sama
506 997 688 1025 sorores
726 982 828 1025 illae
867 983 1067 1026 maiores
1103 995 1265 1026 cuncta
1303 996 1559 1041 cognorant
1596 998 1887 1042 propereque
1914 995 2114 1028 maestae

347 1065 482 1109 atque
510 1053 728 1112 lugubres
752 1054 934 1097 deserto
960 1054 1051 1097 lare
1076 1054 1282 1097 certatim
1310 1055 1365 1098 ad
1399 1067 1642 1112 parentum
1676 1069 1868 1098 suorum
1899 1069 2113 1113 conspec-

348 1136 444 1166 tum
470 1123 771 1182 adfatumque
805 1137 1118 1182 perrexerant.

467 1195 488 1237 ὃ
529 1195 592 1238 Ea
620 1208 751 1238 nocte
776 1196 829 1238 ad
857 1210 986 1238 suam
1018 1196 1230 1254 Psychen
1258 1196 1321 1239 sic
1348 1196 1446 1239 infit
1473 1196 1666 1240 maritus
1706 1211 1907 1254 namque
1934 1207 2114 1254 praeter

347 1265 505 1308 oculos
544 1278 585 1308 et
618 1265 834 1309 manibus
874 1278 916 1309 et
955 1266 1148 1309 auribus
1189 1267 1225 1309 is
1266 1266 1381 1310 nihil
1424 1282 1515 1310 non
1558 1267 1852 1311 sentiebatur
1885 1267 2114 1326 :Psyche

347 1335 614 1379 dulcissima
641 1348 681 1379 et
714 1351 815 1379 cara
854 1351 984 1380 uxor.
1011 1336 1244 1380 exitiabile
1278 1337 1359 1380 tibi
1399 1337 1656 1395 periculum
1691 1337 1895 1381 minatur
1929 1337 2113 1382 fortuna

348 1407 546 1449 saeuior.
574 1407 697 1464 quod
729 1407 1079 1451 obseruandum
1112 1408 1342 1465 pressiore
1373 1409 1548 1451 cautela
1580 1423 1761 1452 censeo.
1795 1408 1991 1454 Sorores
2022 1408 2111 1452 iam

347 1490 450 1520 tuae
505 1477 667 1520 mortis
711 1478 934 1535 opinione
989 1478 1199 1522 turbatae
1253 1491 1481 1536 tuumque
1528 1479 1776 1537 uestigium
1826 1479 2114 1538 requirentes

347 1548 590 1605 scopulum
631 1547 766 1591 istum
808 1549 1022 1607 protinus
1057 1549 1271 1593 aderunt.
1311 1564 1509 1607 quarum
1549 1551 1706 1608 siquas
1742 1549 1858 1596 forte
1896 1552 2113 1594 lamenta·

346 1618 495 1661 tiones
519 1619 769 1677 acceperis.
797 1635 948 1677 neque
981 1620 1281 1678 respondeas,
1310 1621 1455 1663 immo
1487 1635 1570 1664 nec
1601 1621 1858 1679 prospicias
1887 1620 2111 1673 omnium

345 1703 547 1733 ceterum
586 1690 698 1733 mihi
737 1691 926 1748 quidem
965 1691 1298 1750 grauissimum
1337 1691 1567 1745 dolorem,
1604 1692 1685 1736 tibi
1727 1707 1837 1736 uero
1874 1707 2111 1736 summum

346 1761 522 1804 creabis
547 1760 767 1805 exitium‘.
794 1763 972 1805 Adnuit
992 1774 1033 1806 et
1054 1777 1104 1805 ex
1130 1762 1323 1806 arbitrio
1343 1762 1494 1806 mariti
1522 1778 1568 1806 se
1594 1762 1816 1806 facturam
1843 1762 2111 1821 spopondit.

347 1832 438 1876 Sed
465 1847 519 1874 eo
544 1832 681 1875 simul
707 1847 812 1876 cum
841 1846 971 1877 nocte
995 1834 1176 1892 dilapso
1195 1833 1319 1877 diem
1340 1846 1487 1877 totum
1511 1833 1713 1878 lacrimis
1733 1849 1783 1877 ac
1808 1833 2114 1892 plangoribus

348 1903 522 1945 misella
554 1903 806 1948 consumit.
845 1921 891 1947 se
930 1919 1054 1948 nunc
1093 1904 1292 1948 maxime
1330 1919 1520 1962 prorsus
1557 1905 1731 1963 perisse
1769 1904 1958 1957 iterans,
1995 1920 2113 1963 quae

348 1973 464 2016 beati
491 1974 686 2017 carceris
716 1975 925 2018 custodia
957 1987 1083 2033 septa
1115 1988 1157 2019 et
1192 1976 1422 2019 humanae
1456 1975 1829 2020 conuersationis
1862 1975 2115 2034 conloquio

348 2044 533 2087 uiduata
551 2059 632 2087 nec
647 2045 887 2088 sororibus
901 2045 1121 2104 jquidem‘v
1137 2046 1232 2089 suis
1246 2047 1302 2090 de
1316 2061 1362 2090 se
1379 2046 1695 2090 maerentibus
1709 2061 1846 2105 opem
1863 2047 2111 2090 salutarem

347 2114 463 2158 serre
488 2130 537 2158 ac
563 2130 619 2158 ne
644 2115 802 2159 uidere
827 2132 903 2159 eas
927 2116 1115 2174 quidem
1143 2117 1339 2160 omnino
1365 2129 1534 2175 posset.
1566 2118 1662 2161 Nec
1688 2118 1873 2161 lauacro
1904 2132 1986 2161 nec
2009 2116 2114 2161 cibo

348 2201 429 2229 nec
475 2187 563 2229 ulla
609 2187 811 2244 denique
857 2187 1104 2232 refectione
1150 2201 1369 2242 recreata,
1415 2188 1531 2232 flens
1577 2189 1776 2233 ubertim
1822 2188 2018 2232 decessit
2055 2188 2111 2231 ad

347 2272 583 2300 somnum.

462 2334 490 2372 Γ»
528 2335 623 2377 Nec
663 2349 809 2384 mora,
845 2350 949 2378 cum
992 2335 1132 2393 paulo
1171 2335 1400 2379 maturius
1441 2336 1608 2380 lectum
1650 2336 1844 2381 maritus
1883 2335 2114 2379 accubans

346 2419 542 2461 eamque
563 2405 699 2448 etiam
724 2421 846 2449 nunc
867 2406 1187 2450 lacrimantem
1207 2406 1478 2465 complexus
1495 2407 1558 2450 sic
1578 2407 1838 2466 expostulat
1859 2424 1867 2450 :
1885 2406 2113 2451 ‘Haecine

348 2474 458 2517 mini
488 2475 782 2532 pollicebare.
808 2477 985 2535 Psyche
1007 2478 1137 2521 mea?
1164 2476 1275 2534 quid
1300 2477 1389 2520 iam
1410 2478 1465 2521 de
1485 2489 1526 2521 te
1546 2489 1654 2521 tuus
1678 2478 1873 2521 maritus
1892 2477 2110 2536 expecto?

347 2545 456 2602 quid
499 2548 660 2603 spero}
703 2559 745 2590 et
785 2547 942 2605 perdia
983 2559 1026 2591 et
1066 2563 1241 2606 pernox
1283 2562 1364 2591 nec
1405 2547 1524 2592 inter
1561 2548 1803 2607 amplexus
1845 2548 2113 2607 coniugales

346 2616 520 2658 desinis
554 2617 826 2661 cruciatum.
853 2623 950 2677 Age
985 2619 1073 2662 iam
1108 2633 1231 2662 nunc
1263 2631 1309 2662 ut
1342 2620 1488 2673 uoles,
1514 2631 1557 2663 et
1586 2619 1746 2663 animo
1777 2631 1855 2663 tuo
1885 2619 2112 2663 damnosa

348 2688 552 2745 poscenti
591 2692 773 2745 pareto!
813 2702 990 2733 tantum
1029 2690 1300 2734 memineris
1335 2705 1464 2734 meae
1497 2690 1642 2734 seriae
1678 2690 1969 2744 monitionis,
2005 2705 2110 2734 cum

287 2771 298 2776 ·
348 2758 553 2815 coeperis
587 2774 688 2802 sero
721 2760 984 2817 paenitere'.
1010 2761 1145 2804 Tunc
1172 2761 1246 2804 illa
1282 2761 1499 2819 precibus
1532 2773 1574 2805 et
1607 2763 1719 2806 dum
1755 2776 1802 2804 se
1836 2760 2109 2805 morituram

347 2829 662 2873 comminatur
696 2843 936 2888 extorquet
969 2848 992 2874 a
1029 2833 1196 2875 marito
1227 2832 1397 2890 cupitis
1431 2833 1621 2885 adnuat„
1649 2844 1697 2876 ut
1730 2846 1913 2876 sorores
1938 2831 2109 2884 uideat,

349 2899 497 2941 luctus
524 2901 737 2953 mulceat,
764 2917 842 2944 ora
869 2902 1089 2945 conferat.
1118 2902 1195 2948 Sic
1216 2903 1290 2946 ille
1315 2918 1465 2947 nouae
1491 2915 1662 2961 nuptae
1683 2902 1899 2962 precibus
1925 2901 2108 2946 ueniam

349 2969 507 3012 tribuit
533 2983 574 3013 et
596 2973 785 3029 insuper
804 2972 1179 3031 quibuscumque
1202 2974 1338 3017 uellet
1357 2989 1432 3017 eas
1451 2974 1549 3017 auri
1572 2973 1643 3017 uel
1666 2972 1913 3017 monilium
1935 2973 2110 3017 donare

349 3042 589 3084 concessit.
614 3043 689 3085 scd
713 3043 964 3087 identidem
989 3044 1169 3087 monuit
1190 3060 1239 3088 ac
1259 3059 1393 3104 saepe
1413 3044 1591 3098 terruit,
1612 3060 1667 3088 ne
1686 3045 1874 3104 quando
1893 3058 2106 3089 sororum
