2410 3487
1023 272 1080 277 —
1147 245 1200 288 23
1265 271 1321 276 —

296 376 493 429 aditum,
521 391 614 433 quo
639 376 693 418 de
720 375 829 417 solis
855 374 1099 433 fraglantia
1127 386 1362 417 mutuatae
1388 373 1589 416 calorem
1614 373 1727 416 truci
1763 372 1888 416 rabie
1920 374 2067 416 solent

296 446 447 490 efferri
479 461 719 504 cornuque
755 459 889 489 acuto
924 459 966 489 et
1000 445 1149 489 fronte
1186 460 1319 488 saxea
1359 456 1402 487 et
1441 459 1785 501 nonnunquam
1828 444 2068 487 uenenatis

298 517 532 561 morsibus
570 517 614 560 in
654 517 843 561 exitium
883 517 1062 560 saeuire
1100 516 1395 569 mortalium;
1438 515 1516 558 sed
1552 515 1663 558 dum
1702 515 1919 558 meridies
1959 515 2068 557 solis

296 588 528 632 sedauerit
569 603 791 646 uaporem
833 600 875 631 et
915 603 1058 645 pecua
1098 587 1289 645 spiritus
1326 586 1530 629 fluuialis
1567 585 1812 628 serenitate
1847 586 2068 642 conquie-

298 659 467 712 net-int,
507 659 681 717 poteris
717 659 804 702 sub
842 659 917 701 illa
955 657 1282 716 procerissima
1321 658 1525 715 platano,
1560 672 1678 714 quae
1715 671 1895 699 mecum
1929 656 2067 698 simul

297 745 444 773 unum
471 730 699 773 fluentum
727 729 861 782 bibit,
890 730 1083 772 latenter
1107 729 1410 779 abscondere,
1433 739 1474 770 et
1499 742 1604 770 cum
1628 727 1833 784 primum
1862 726 2068 784 mitigata

297 800 415 844 furia
448 800 708 844 laxauerint
732 816 844 844 oues
875 800 1106 853 animum7
1134 799 1366 857 percussis
1396 798 1643 841 frondibus
1674 797 1835 855 attigui
1864 798 2069 840 nemoris

297 872 511 915 lanosum
525 887 690 915 aurum
708 871 1100 929 repperiesgquod
1113 869 1288 928 passim
1306 869 1530 927 stirpibus
1547 868 1733 911 conexis
1749 867 2065 911 obhaerescir.

446 949 494 992 13
533 947 609 994 Sic
625 949 808 991 arundo
824 947 1022 1005 simplex
1038 959 1080 990 et
1094 947 1299 990 humana
1318 946 1530 1004 Psychen
1548 945 1855 1003 aegerrimam
1873 945 2066 988 salutem

297 1034 430 1063 suam
455 1019 666 1063 docebat.
696 1020 794 1063 Nec
819 1019 1079 1061 auscultatu
1118 1033 1211 1061 non
1248 1017 1532 1075 paenitendo
1567 1016 1813 1075 diligenter
1849 1016 2070 1059 instructa

298 1091 374 1134 illa
409 1090 628 1144 cessauit„
661 1090 740 1133 sed
775 1089 1037 1132 obseruatis
1062 1089 1284 1132 omnibus
1315 1088 1541 1132 furatrina
1572 1087 1693 1131 facili
1727 1087 1944 1130 flauentis
1969 1086 2069 1130 auri

297 1161 492 1226 mollitie
533 1173 809 1220 congestum
856 1160 1092 1219 gremium
1131 1160 1303 1203 Veneri
1345 1171 1564 1217 reportat.
1611 1160 1709 1203 Nec
1749 1171 1906 1201 tamen
1947 1159 2071 1216 apud

296 1233 539 1277 dominam
565 1233 725 1275 saltem
753 1231 945 1275 secundi
972 1232 1145 1275 laboris
1170 1231 1435 1289 periculum
1460 1231 1721 1274 secundum
1746 1229 2071 1273 testimonium

295 1304 484 1357 meruit,
506 1304 583 1347 sed
604 1303 828 1347 contortis
853 1303 1116 1361 superciliis
1142 1302 1391 1346 subridens
1413 1317 1630 1345 amarum
1655 1301 1717 1345 sic
1743 1301 1896 1358 inquit
1924 1316 1931 1343 :
1957 1300 2072 1344 cNec

296 1390 370 1418 me
396 1375 616 1433 praeterit
648 1374 789 1417 huius
815 1390 1003 1432 quoque
1036 1374 1139 1417 facti
1171 1386 1330 1417 auctor
1361 1373 1670 1417 adulterinus.
1699 1372 1791 1418 Sed
1826 1372 1919 1415 iam
1949 1387 2072 1415 nunc

295 1462 379 1505 ego
400 1446 562 1490 sedulo
584 1446 899 1503 periclitabor,
916 1461 971 1489 an
989 1445 1165 1504 oppido
1182 1445 1287 1489 forti
1305 1445 1466 1488 animo
1482 1444 1804 1503 singularique
1823 1443 2071 1502 prudentia

295 1518 357 1561 sis
382 1518 606 1576 praedita.
633 1517 840 1561 Videsne
868 1517 1159 1560 insistentem
1194 1516 1478 1560 celsissimae
1513 1516 1576 1559 illi
1604 1516 1709 1574 rupi
1736 1515 1909 1558 montis
1940 1515 2071 1559 ardui

297 1589 539 1642 uerticem,
572 1590 627 1632 de
662 1604 755 1646 quo
795 1588 937 1632 fontis
977 1588 1060 1632 atri
1101 1588 1256 1631 fuscae
1293 1588 1507 1631 defluunt
1545 1588 1695 1631 undae
1722 1602 2072 1645 proxumaeque

295 1661 628 1719 conceptaculo
650 1660 785 1704 uallis
810 1660 1017 1704 inclusae
1043 1660 1227 1719 Stygias
1252 1660 1455 1717 inrigant
1476 1660 1670 1718 paludes
1691 1671 1733 1703 et
1754 1674 1890 1703 rauca
1911 1659 2069 1718 Cocyti

297 1734 470 1776 fluenta
497 1732 741 1775 nutriunt}
770 1732 982 1775 indidem
1009 1731 1125 1775 mihi
1152 1732 1206 1775 de
1228 1731 1403 1774 summi
1424 1730 1564 1774 fontis
1590 1731 1746 1789 penita
1767 1730 2072 1789 scaturrigine

297 1819 452 1848 rorem
483 1803 713 1863 rigentem
746 1803 989 1847 hauritum
1021 1804 1105 1846 ista
1136 1803 1383 1846 confestim
1413 1803 1565 1846 defers
1600 1803 1796 1846 urnula’.
1835 1802 1911 1848 Sic
1946 1803 2073 1845 aiens

295 1875 795 1919 crustallodedolatum
809 1873 2070 1933 uasculum,inst1pereigrauioracomminatatradidit.

447 1962 498 2003 14
530 1950 591 1990 At
626 1946 703 1989 illa
735 1946 941 1989 studiose
975 1947 1170 2004 gradum
1210 1946 1416 1989 celerans
1453 1945 1626 1989 montis
1663 1957 1925 1988 extremum
1962 1945 2073 2003 petit

297 2019 556 2072 tumulum,
583 2030 702 2061 certe
729 2018 801 2061 uel
830 2017 921 2060 illic
958 2018 1209 2061 inuentura
1236 2017 1358 2061 uitae
1390 2017 1620 2075 pessimae
1652 2017 1812 2060 finem.
1848 2016 1939 2062 Sed
1965 2031 2070 2059 cum

297 2090 504 2149 primum
534 2089 756 2148 praedicti
793 2089 887 2148 iugi
922 2089 1242 2133 conterminos
1278 2089 1402 2132 locos
1437 2088 1636 2147 appulit,
1665 2088 1791 2132 uidet
1825 2087 1888 2131 rei
1917 2100 2072 2131 uastae

303 2162 485 2205 letalem
513 2160 852 2205 difficultatem.
883 2158 1103 2219 Namque
1138 2176 1303 2204 saxum
1329 2160 1526 2203 immani
1554 2159 1879 2219 magnitudine
1911 2174 2072 2217 proce-

301 2249 405 2277 rum
428 2245 469 2276 et
490 2233 723 2276 inaccessa
749 2232 1013 2276 salebritate
1036 2232 1269 2276 lubricum
1293 2232 1441 2275 medis
1461 2247 1483 2275 e
1502 2231 1716 2275 faucibus
1736 2231 1904 2289 lapidis
1922 2231 2073 2274 fontes

298 2304 514 2348 horridos
539 2304 806 2355 euomebat„
835 2304 913 2362 qui
941 2303 1098 2347 statim
1124 2304 1259 2362 proni
1287 2303 1531 2347 foraminis
1556 2303 1735 2346 lacunis
1761 2302 1869 2346 editi
1896 2318 2072 2360 perque

297 2376 506 2433 procliue
528 2375 706 2433 delapsi
722 2388 764 2419 et
778 2375 963 2434 angusti
982 2375 1156 2418 canalis
1171 2387 1356 2418 exarato
1370 2374 1564 2418 contecti
1587 2374 1770 2417 tramite
1792 2389 2072 2432 proxumam

296 2447 563 2490 conuallem
603 2448 800 2490 latenter
840 2446 1125 2490 incidebant.
1170 2448 1338 2490 Dextra
1376 2447 1604 2503 laeuaque
1644 2445 1859 2489 cautibus
1898 2444 2073 2488 cauatis

298 2530 694 2578 proserpuntet...
717 2519 854 2577 longa
872 2519 987 2561 colla
1003 2519 1201 2576 porrecti
1224 2517 1351 2561 saeui
1369 2519 1595 2562 dracones
1616 2517 1863 2561 inconiuae
1885 2517 2072 2575 uigiliae

299 2590 563 2634 luminibus
594 2590 792 2634 addictis
829 2602 870 2633 et
907 2589 950 2632 in
986 2602 1260 2648 perpetuam
1301 2590 1451 2633 lucem
1488 2589 1681 2648 pupulis
1714 2589 2068 2632 excubantibus.

298 2663 495 2720 Iamque
520 2674 562 2705 et
594 2662 721 2719 ipsae
754 2673 899 2705 semet
935 2661 1212 2704 muniebant
1247 2661 1431 2704 uocales
1456 2676 1619 2719 aquae.
1650 2661 1775 2704 Nam
1800 2672 1842 2704 et
1863 2650 2074 2704 ‘discede'

298 2745 340 2777 et
362 2732 491 2792 cquid
518 2733 656 2776 facis}
685 2730 808 2777 uide³
832 2744 874 2776 et
895 2732 1022 2790 cquid
1050 2733 1175 2791 agis?
1203 2729 1329 2776 caue'
1353 2744 1395 2776 et
1416 2731 1551 2791 ‘fuge³
1575 2744 1617 2776 et
1643 2730 1847 2790 ‘peribis'
1871 2731 2071 2775 subinde

296 2805 514 2848 clamant.
544 2804 620 2850 Sic
641 2804 1017 2862 impossibilitate
1041 2804 1139 2862 ipsa
1160 2815 1336 2847 mutata
1357 2803 1402 2847 in
1423 2803 1625 2862 lapidem
1650 2803 1829 2861 Psyche
1852 2803 2072 2860 quamuis

296 2876 529 2935 praesenti
568 2891 761 2934 corpore
795 2876 1013 2919 sensibus
1045 2887 1201 2918 tamen
1227 2875 1403 2929 aberat,
1436 2887 1478 2918 et
1513 2874 1846 2918 inextricabilis
1876 2874 2070 2932 periculi

297 2949 420 2992 mole
452 2963 645 3007 prorsus
679 2948 846 2991 obruta
886 2948 1203 2991 lacrumarum
1241 2947 1381 2990 etiam
1419 2959 1625 2991 extremo
1661 2946 1832 2989 solacio
1869 2946 2068 2989 carebat.

448 3021 493 3062 15
533 3020 630 3063 Nec
665 3018 1000 3062 Prouidentiae
1032 3018 1181 3061 bonae
1212 3032 1378 3076 graues
1408 3018 1568 3061 oculos
1601 3017 1863 3060 innocentis
1888 3017 2071 3059 animae

297 3090 430 3134 latuit
459 3105 701 3134 aerumna.
732 3091 857 3134 Nam
893 3089 1100 3149 supremi
1131 3088 1257 3133 Iouis
1294 3089 1459 3148 regalis
1498 3089 1590 3131 ales
1629 3088 1704 3131 illa
1742 3100 1928 3147 repente
1965 3103 2071 3146 pro-

2119 1009 2171 1060 I(›¹

2123 1375 2167 1416 15

2115 2451 2170 2493 ‘30

2115 2811 2167 2853 35
