2410 3487
288 1360 293 1384 ι
311 1345 331 1386 5

1138 237 1194 245 ..—
1259 227 1279 257 ’ἒ
1345 238 1400 247 .--

389 340 431 382 in
468 341 681 383 limnanis
710 341 916 384 uultibus
945 343 1056 385 deae
1087 355 1237 387 tantae
1269 344 1462 389 numina
1493 347 1749 404 placantur,
1774 362 1815 394 et
1842 350 1885 395 in
1918 352 2146 396 matutino

387 428 629 469 progressu
661 411 854 467 uirginis
881 412 1082 456 uictimis
1106 425 1146 456 et
1171 415 1322 470 epulis
1349 415 1542 460 Veneris
1565 417 1769 463 absentis
1794 435 1964 466 numen
1993 424 2144 482 propi-

385 483 537 524 tiatis.
569 497 751 539 riuique
784 497 864 539 per
889 482 1062 540 plateas
1091 498 1430 529 commeantem
1463 487 1622 545 populi
1655 487 1918 548 frequenter
1952 493 2145 538 floribus

385 554 513 594 scitis
575 566 613 594 ct
675 553 837 596 solutis
891 554 1217 612 adprecantur.
1278 556 1404 599 Haec
1467 557 1700 603 honorum
1761 562 2024 608 caelestium
2086 566 2142 609 ad

385 624 561 680 put-llat-
598 623 804 666 mortalis
837 624 1012 668 cultum
1051 624 1299 669 immodica
1335 627 1574 671 translatio
1611 643 1745 673 uerae
1781 631 1973 676 Veneris
2008 635 2142 679 uehe-

385 707 558 736 menter
581 694 783 737 incendit
808 694 1007 740 animos.
1028 709 1070 738 et
1092 695 1341 754 impatiens
1363 697 1716 756 indignationis,
1736 701 1884 759 capite
1906 705 2140 760 quassanti

382 763 583 806 fremens
606 765 744 807 altius
768 764 830 808 sic
856 780 1010 809 secum
1037 766 1221 810 disserit
1249 784 1256 809 :

499 837 554 878 ’,ἔω
586 836 670 879 'lin
694 851 846 880 rerum
874 850 1063 881 naturae
1086 838 1233 896 prisca
1261 854 1445 897 parens,
1466 854 1520 883 en
1543 840 1879 886 elementorum
1905 843 2036 903 origo
2061 844 2142 890 ini·

379 908 514 951 tialis.
542 922 594 950 cn
622 907 750 950 orbis
774 908 913 951 totius
937 909 1055 952 alma
1079 909 1256 960 Venus,
1277 925 1394 968 quae
1419 926 1522 954 cum
1547 911 1728 956 mortali
1751 913 1903 971 puella
1924 914 2144 972 partiario

381 978 630 1021 maiestatis
657 979 831 1022 bonore
857 991 1025 1023 tractor
1049 992 1089 1023 et
1116 995 1284 1024 nomen
1325 996 1478 1025 meum
1510 982 1636 1026 caelo
1670 983 1911 1028 conditum
1947 985 2144 1030 terrenis

379 1049 593 1092 sordibus
620 1048 909 1106 profanatur!
939 1050 1162 1094 nimirum
1187 1052 1427 1096 communi
1452 1053 1662 1097 numinis
1682 1054 1921 1112 piamento
1943 1056 2142 1101 uicariae

379 1120 695 1163 uenerationis
736 1120 962 1164 incertum
1004 1122 1244 1166 sustinebo
1283 1135 1326 1166 et
1366 1123 1617 1182 imaginem
1661 1140 1810 1170 meam
1851 1126 2143 1172 circumferet

378 1191 527 1248 puella
555 1191 806 1234 moi-itura:-
842 1191 1008 1235 frustra
1048 1207 1118 1236 me
1156 1206 1311 1251 pastor
1349 1194 1441 1247 illc,
1477 1195 1610 1239 cuius
1648 1196 1868 1241 iustitiam
1908 1198 2142 1257 fidemque

378 1276 575 1319 magnus
599 1262 923 1320 comprobauit
952 1263 1178 1321 luppiter.
1205 1265 1265 1308 ob
1290 1265 1507 1309 eximiam
1534 1267 1735 1325 speciem
1761 1268 1899 1312 tantis
1925 1269 2142 1327 praetulit

375 1333 578 1375 deabus}
607 1334 683 1376 sed
713 1348 803 1376 non
831 1335 947 1378 adeo
971 1335 1179 1392 gaudens
1205 1335 1306 1388 ista,
1333 1351 1656 1396 quaecumque
1675 1351 1759 1391 est,
1784 1354 1911 1382 meos
1937 1340 2140 1385 bonores

376 1403 610 1461 usurparit
637 1421 645 1445 :
675 1404 763 1447 iam
791 1403 893 1448 faxo
919 1405 1056 1448 liuius
1081 1421 1180 1449 eam
1210 1406 1357 1464 ipsius
1389 1407 1590 1451 inlicitae
1622 1408 1959 1454 formonsitatis
1984 1411 2139 1469 paeni·

374 1480 489 1517 teat'.
531 1476 584 1518 lit
622 1488 748 1518 vocat
787 1475 1030 1519 confestim
1073 1491 1271 1534 puerum
1312 1493 1448 1521 suum
1489 1479 1735 1536 pinnatum
1778 1479 1908 1524 illum
1949 1493 1991 1525 et
2030 1481 2140 1525 satis

373 1546 690 1590 temerarium.
717 1547 794 1604 qui
833 1547 966 1590 malis
1001 1547 1096 1591 suis
1129 1548 1338 1592 moribus
1371 1561 1637 1608 contempta
1661 1550 1907 1610 disciplina
1934 1552 2137 1610 publica,

373 1617 574 1660 flammis
606 1630 647 1661 et
682 1617 858 1675 sagittis
893 1631 1098 1662 armatus
1132 1634 1212 1677 per
1246 1619 1422 1663 alienas
1453 1621 1619 1664 domos
1651 1633 1781 1665 nocte
1806 1622 2074 1666 discurrens
2097 1634 2139 1667 et

325 1720 331 1735 .
372 1688 583 1731 omnium
622 1689 919 1732 matrimonia
948 1705 1258 1748 corrumpens
1294 1691 1487 1749 impune
1521 1692 1769 1736 committit
1803 1705 1928 1736 tanta
1964 1693 2138 1754 flagitia

372 1772 411 1802 et
440 1758 553 1802 nihil
582 1775 772 1818 prorsus
798 1760 905 1804 boni
934 1760 1053 1804 facit.
1086 1762 1226 1805 Hunc
1250 1777 1521 1820 quanquam
1547 1763 1749 1822 genuina
1777 1764 1956 1808 licentia
1983 1779 2138 1823 proca-

371 1845 467 1873 cem
502 1831 656 1874 uerbis
681 1847 867 1889 quoque
895 1832 1086 1891 insuper
1115 1833 1322 1877 stimulat
1346 1845 1388 1877 et
1414 1834 1625 1892 perducit
1654 1835 1710 1878 acl
1744 1835 1870 1879 illam
1901 1835 2136 1880 ciuitatem

371 1914 412 1944 et
435 1901 645 1960 Psychen
689 1903 773 1946 hoc
798 1903 922 1946 enim
951 1903 1140 1947 nomine
1167 1904 1318 1962 puella
1340 1904 1713 1963 nuncupabatur]
1733 1921 1888 1950 coram
1914 1907 2135 1961 ostendit,

370 1985 411 2016 et
436 1986 524 2016 tota
558 1973 632 2016 illa
658 1974 830 2027 perlata
864 1974 919 2017 de
954 1974 1290 2019 formonsitatis
1324 1976 1638 2020 aemulatione
1671 1976 1826 2021 fabula
1860 1993 2053 2037 gemens
2086 1993 2137 2022 ac

370 2044 571 2087 fremens
598 2043 920 2102 indignatione
947 2058 955 2089 :

490 2117 534 2158 31
576 2116 683 2159 'Per
704 2132 789 2175 ego
813 2119 869 2160 te'
900 2117 1050 2175 inquit
1076 2112 1328 2162 ‘maternae
1351 2119 1554 2163 caritatis
1583 2119 1769 2163 foedera
1793 2119 2034 2178 deprecor,
2055 2135 2137 2178 per

370 2175 471 2229 tuae
498 2187 686 2244 sagittae
711 2187 862 2231 dulcia
890 2188 1103 2238 uulnera,
1130 2203 1211 2247 per
1241 2189 1456 2233 flammae
1488 2189 1620 2233 istius
1652 2190 1852 2234 mellitas
1878 2191 2096 2234 uredines
2123 2208 2131 2234 :

371 2257 622 2301 uindictam
656 2271 759 2301 tuae
795 2258 994 2316 parenti,
1035 2260 1113 2302 sed
1149 2259 1334 2317 plenam
1376 2259 1527 2304 tribue
1567 2273 1609 2304 et
1650 2261 1693 2304 in
1733 2261 2133 2319 pulchritudinem

368 2341 687 2372 contumacem
714 2330 938 2373 seueriter
962 2330 1150 2374 uindica
1177 2330 1315 2388 idque
1343 2346 1486 2375 unum
1514 2343 1557 2375 et
1585 2347 1668 2390 pro
1692 2332 1915 2375 omnibus
1941 2331 2131 2376 unicum

323 2431 329 2446 .
370 2399 533 2442 uolens
571 2400 682 2443 estici
724 2418 731 2443 :
774 2401 905 2459 uirgo
947 2401 1028 2444 ista
1069 2416 1226 2445 amore
1266 2401 1629 2460 fraglantissimo
1672 2414 1883 2446 teneatur
1927 2401 2133 2446 hominis

369 2470 577 2513 extremi.
615 2486 752 2528 quem
791 2484 833 2515 et
869 2471 1109 2531 dignitatis
1145 2485 1187 2516 et
1227 2473 1495 2531 patrimonii
1537 2473 1675 2517 simul
1716 2485 1759 2517 et
1798 2472 2132 2517 incolumitatis

371 2540 515 2597 ipsius
554 2541 735 2585 fortuna
760 2543 1020 2597 damnauit,
1046 2556 1235 2602 tamque
1259 2544 1450 2597 infirmi,
1492 2556 1538 2588 ut
1563 2559 1645 2603 per
1668 2556 1814 2588 totum
1848 2544 2008 2589 orbem
2036 2559 2128 2588 non

371 2611 575 2655 inueniat
613 2613 824 2657 miseriae
861 2630 969 2669 suae
1004 2613 1301 2673 comparem'.
1341 2614 1418 2661 Sic
1442 2616 1574 2659 effata
1610 2628 1652 2659 et
1685 2615 1856 2659 osculis
1892 2614 2130 2659 hiantibus

371 2682 515 2725 tilium
556 2684 634 2726 cliu
676 2700 724 2727 ac
766 2686 971 2743 pressule
1010 2686 1184 2729 sauiata
1226 2686 1461 2745 proximas
1498 2702 1603 2731 oras
1642 2686 1772 2731 reflui
1814 2686 1962 2730 litoris
1999 2686 2128 2744 petit,

372 2754 632 2811 plantisque
654 2756 795 2799 roseis
822 2757 1107 2801 uibrantium
1135 2759 1359 2801 fluctuum
1386 2772 1572 2801 summo
1597 2773 1699 2802 rore
1717 2758 1889 2801 calcato
1910 2771 2012 2800 ecce
2038 2756 2126 2800 iam

371 2824 652 2880 profundum
681 2827 820 2870 maris
845 2829 962 2871 sudo
988 2828 1156 2872 resedit
1183 2828 1379 2881 uertice3
1405 2840 1448 2872 et
1474 2828 1625 2886 ipsum
1653 2829 1778 2886 quod
1804 2827 1967 2886 incipit
1992 2827 2127 2881 uelle,

368 2907 493 2937 cetus
516 2922 570 2928 —
596 2898 744 2940 statim
772 2899 902 2955 quasi
930 2899 1109 2956 pridem
1138 2899 1422 2957 praeceperit
1453 2925 1505 2931 —
1531 2914 1623 2943 non
1650 2910 1859 2943 moratur
1893 2897 2125 2942 marinum

368 2964 659 3022 obsequium.
711 2969 890 3012 Adsunt
940 2970 1075 3013 Nerei
1131 2970 1250 3014 filiae
1293 2971 1487 3014 chorum
1537 2981 1754 3013 canentes
1797 2981 1839 3012 et
1886 2969 2126 3012 Portunus

368 3037 561 3079 caerulis
603 3039 755 3080 lun-bis
797 3040 1007 3097 hispidus·
1043 3053 1083 3083 et
1119 3041 1277 3099 grauis
1314 3041 1496 3099 piscoso
1532 3041 1635 3084 sinu
1674 3040 1853 3085 Salacia
1889 3051 1931 3083 et
1967 3039 2125 3097 auriga
