2410 3487
1096 257 1386 299 ,η-

500 377 551 418 22³
589 377 724 428 Quae
746 374 855 416 duni
881 372 1127 415 insatiabili
1146 363 1305 415 aniino
1324 372 1502 430 Psyche
1523 371 1632 416 satis
1647 374 1706 416 ‘et
1727 372 1907 417 curiosa
1930 372 2124 418 rimatur

360 461 493 502 «itque
537 456 776 502 pertrectat
817 456 855 486 ct
900 442 1049 485 mariti
1089 442 1157 485 sui
1198 442 1393 485 miratur
1431 457 1577 495 arma,
1613 443 1846 502 depromit
1888 459 2027 488 unam
2068 444 2124 488 de

362 519 571 573 putu-etia
599 515 809 571 sagittam
836 526 876 556 et
904 525 1076 571 puncto
1101 512 1281 571 pollicis
1305 525 1556 556 extremam
1583 512 1726 557 aciem
1755 513 2122 572 periclitabunda

359 586 597 629 trementis
631 586 766 628 etiam
806 599 929 627 nunc
963 584 1140 628 articuli
1180 584 1282 627 nisu
1320 582 1507 627 fortiore
1543 583 1743 643 pupugit
1774 584 1928 638 altius,
1962 597 2010 629 ut
2044 600 2125 645 per

358 672 587 700 *mininam
629 668 779 699 cutem
824 655 1082 698 rorauerint
1125 655 1347 713 paruulae
1387 653 1631 712 sanguinis
1671 654 1788 698 rosei
1834 666 2003 714 guttae.
2046 655 2123 702 Sic

359 730 513 783 ignara
564 727 741 785 Psyche
789 738 952 784 sponte
1001 726 1043 769 in
1092 725 1280 770 Amoris
1327 725 1486 769 incidit
1531 740 1756 769 amorem.
1802 726 1937 770 Tunc
1978 727 2122 786 magis

358 814 596 855 magisque
614 797 834 855 cupidine
854 796 1055 854 fraglans
1072 796 1340 854 Cupidinis,
1360 811 1508 854 prona
1528 796 1570 839 in
1589 810 1695 839 eum
1714 795 1914 840 efflictim
1935 797 2124 842 inhians

358 870 525 926 patulis
550 883 599 911 ⁴ic
626 867 945 926 petulantibus
971 867 1113 911 sauiis
1138 867 1409 911 festinanter
1435 866 1626 926 ingestis
1645 868 1701 911 de
1725 868 1875 911 somni
1905 882 2123 913 mensura

358 940 605 983 metuebat.
630 939 720 983 Sed
742 941 854 982 dum
878 939 1002 982 bono
1023 951 1149 981 tanto
1170 938 1340 997 percita
1362 938 1516 982 saucia
1535 949 1687 982 mente
1707 939 1914 993 fluctuat,
1937 939 2123 984 lucerna

308 1039 314 1053 .
357 1013 428 1054 illa
456 1011 554 1054 siue
581 1010 772 1068 pertidia
802 1009 1001 1068 pessima
1035 1009 1132 1053 siue
1169 1009 1349 1053 inuidia
1385 1009 1520 1053 noxia
1552 1008 1650 1053 siue
1681 1008 1918 1068 quodjtale
1956 1025 2126 1069 corpus

265 1390 271 1414 ι
290 1375 309 1415 5

354 1082 622 1139 contingere
655 1094 695 1124 et
731 1080 860 1138 quasi
898 1080 1077 1124 basiare
1112 1093 1153 1124 et
1191 1080 1289 1139 ipsa
1326 1080 1568 1139 gestiebat,
1604 1080 1815 1124 euomuit
1849 1082 1904 1125 de
1939 1095 2122 1125 summa

355 1153 546 1195 luminis
571 1152 639 1195 sui
663 1152 830 1195 stillam
853 1151 1077 1195 feruentis
1096 1151 1182 1195 olei
1206 1166 1345 1210 super
1366 1166 1578 1195 umerum
1601 1151 1673 1195 dei
1695 1151 1954 1195 dexterum.
1979 1152 2122 1206 Hem,

354 1224 500 1266 audax
526 1236 567 1266 et
594 1223 835 1266 temeraria
863 1223 1050 1266 lucerna
1075 1235 1118 1266 et
1147 1223 1321 1266 amoris
1347 1222 1438 1266 uile
1464 1221 1796 1275 ministerium,
1823 1223 1976 1281 ipsum
2003 1222 2124 1282 ignis

355 1295 493 1337 tutius
528 1294 774 1337 dominum
809 1294 984 1341 aduris,
1021 1309 1126 1337 cum
1163 1306 1203 1337 te
1239 1293 1410 1337 scilicet
1446 1305 1622 1337 amator
1663 1293 1832 1352 aliquis
1866 1306 1913 1338 ut
1946 1293 2124 1340 diutius

353 1365 521 1422 cupitis
551 1365 687 1408 etiam
723 1377 853 1408 nocte
886 1365 1111 1422 potiretur
1143 1365 1322 1422 primus
1358 1364 1607 1408 inuenerit.
1641 1364 1718 1410 Sic
1750 1365 1933 1409 inustus
1963 1365 2123 1410 exiluit

353 1438 466 1479 deus
492 1436 684 1493 uisaque
710 1435 911 1479 detectae
944 1435 1046 1479 fidei
1074 1436 1275 1479 colluuie
1311 1435 1526 1494 protinus
1560 1450 1612 1478 ex
1646 1435 1793 1479 oculis
1827 1448 1870 1480 et
1904 1437 2124 1481 manibus

356 1507 699 1550 infelicissimae
725 1507 938 1565 coniugis
969 1506 1132 1550 tacitus
1157 1507 1380 1551 auolauit.

497 1599 552 1639 24
587 1588 644 1627 At
681 1584 860 1641 Psyche
892 1583 1045 1627 statim
1079 1584 1362 1643 resurgentis
1393 1584 1492 1628 eius
1522 1599 1655 1629 crure
1685 1585 1872 1628 dextero
1904 1583 2123 1629 manibus

353 1655 581 1699 ambabus
626 1655 818 1712 adrepto
863 1653 1078 1698 sublimis
1113 1655 1369 1698 euectionis
1408 1655 1639 1713 adpendix
1671 1655 1936 1700 miseranda
1970 1667 2013 1700 et
2042 1670 2124 1715 per

305 1755 311 1771 .
355 1726 538 1769 nubilas
563 1726 722 1785 plagas
748 1725 938 1783 penduli
975 1726 1222 1769 comitatus
1256 1738 1460 1770 extrema
1495 1726 1747 1784 consequia
1781 1727 1968 1771 tandem
2004 1726 2122 1771 fessa

351 1797 583 1840 delabitur
607 1797 720 1839 solo.
752 1797 848 1839 Nec
873 1797 988 1839 deus
1012 1808 1192 1840 amator
1225 1796 1354 1840 liumi
1390 1797 1615 1841 iacentem
1647 1798 1868 1842 deserens
1893 1797 2123 1842 inuolauit

353 1868 612 1926 proximam
633 1882 907 1926 cupressum
926 1868 1077 1925 deque
1097 1867 1196 1911 eius
1211 1868 1302 1911 alto
1317 1869 1557 1912 cacumine
1577 1868 1640 1912 sic
1657 1883 1757 1912 eam
1774 1868 1979 1928 grauiter
2001 1884 2123 1914 com-

354 1951 506 1982 motus
539 1938 720 1982 adfatur
747 1956 754 1981 1
779 1939 895 1996 ‘Ego
919 1938 1130 1996 quidem„
1158 1938 1504 1997 simplicissima
1531 1940 1730 1998 Psyche,
1756 1939 1962 1998 parentis
1992 1955 2122 1986 meae

354 2009 547 2053 Veneris
569 2021 921 2067 praeceptorum
945 2010 1210 2057 immemor.
1229 2024 1346 2068 quae
1367 2022 1408 2054 te
1430 2010 1584 2054 miseri
1607 2010 1894 2069 extremique
1915 2011 2122 2056 hominis

352 2081 618 2124 deuinctam
648 2080 867 2138 cupidine
895 2080 1056 2124 infimo
1088 2080 1389 2125 matrimonio
1419 2081 1569 2125 addici
1604 2082 1816 2137 iusserat,
1844 2083 1941 2141 ipse
1967 2083 2122 2142 potius

353 2164 530 2195 amator
564 2151 782 2195 aduolaui
819 2151 918 2195 tibi.
953 2151 1044 2197 Sed
1083 2152 1169 2195 hoc
1204 2151 1285 2195 feci
1324 2152 1504 2206 leuiter,
1531 2153 1643 2207 scio,
1670 2164 1711 2197 et
1746 2154 2011 2212 praeclarus
2045 2154 2121 2199 ille

353 2222 617 2281 sagittarius
648 2222 745 2280 ipse
778 2237 850 2266 me
884 2223 974 2266 telo
999 2237 1103 2266 meo
1138 2223 1343 2281 percussi
1379 2236 1514 2282 teque
1552 2223 1800 2284 coniugem
1836 2239 1988 2269 meam
2014 2225 2118 2281 feci,

354 2305 400 2336 ut
426 2293 567 2336 bestia
595 2293 765 2336 scilicet
799 2293 880 2336 tibi
915 2293 1098 2337 uiderer
1122 2306 1164 2337 et
1197 2293 1319 2338 ferro
1353 2306 1491 2353 caput
1524 2294 1757 2339 excideres
1792 2310 1969 2351 meum,
1995 2297 2120 2355 quod

355 2365 464 2406 mos<
479 2377 707 2408 amatores
726 2376 831 2407 tuos
844 2364 1004 2407 oculos
1023 2365 1153 2422 gerit!
1180 2366 1308 2409 Haec
1328 2365 1410 2409 tibi
1433 2364 1687 2410 identidem
1709 2381 1895 2426 semper
1912 2368 2121 2412 cauenda

353 2435 619 2485 censebam,
657 2436 766 2478 liaec
801 2435 1018 2479 beniuole
1055 2436 1375 2480 remonebam.
1412 2437 1504 2483 Sed
1542 2437 1646 2481 illae
1682 2437 1870 2496 quidem
1908 2438 2119 2483 consilia-

353 2505 486 2549 trices
511 2506 718 2564 egregiae
745 2518 848 2549 tuae
874 2518 964 2550 tam
999 2506 1246 2564 perniciosi
1275 2507 1528 2567 magisterii
1561 2508 1741 2552 dabunt
1771 2520 1975 2554 actutum
2004 2509 2118 2554 mihi

355 2591 544 2634 poenas.
592 2589 632 2619 te
680 2592 789 2620 uero
834 2589 1012 2621 tantum
1060 2577 1166 2636 fuga
1213 2593 1314 2622 mea
1359 2579 1620 2637 puniuero³.
1671 2580 1727 2624 Et
1768 2595 1873 2625 curn
1919 2580 2120 2625 termino

355 2647 582 2690 sermonis
609 2647 764 2703 pinnis
791 2648 833 2691 in
861 2648 1004 2692 altum
1032 2665 1078 2692 se
1104 2649 1362 2708 proripuit..

497 2720 548 2760 25
590 2718 766 2776 Psyche
787 2734 897 2762 uero
916 2720 1046 2763 liumi
1066 2732 1293 2778 prostrata
1310 2733 1352 2764 et
1368 2732 1596 2778 quantum
1617 2721 1719 2765 uisu
1738 2732 1916 2780 poterat
1937 2722 2120 2766 uolatus

355 2788 504 2830 mariti
534 2789 821 2846 prospiciens
841 2790 1057 2834 extremis
1076 2791 1307 2850 affligebat
1332 2791 1747 2836 lamentationibus
1769 2792 1997 2836 animum.
2025 2792 2118 2839 Sed

357 2859 430 2900 ubi
481 2859 674 2912 remigio
720 2860 905 2917 plumae
958 2874 1140 2919 raptum
1193 2862 1412 2906 maritum
1465 2863 1716 2921 proceritas
1765 2862 1900 2921 spatii
1951 2862 2118 2907 fecerat

355 2929 576 2972 alienum.
617 2945 695 2987 per
731 2931 929 2988 proximi
966 2932 1174 2976 fluminis
1208 2933 1466 2993 marginem
1501 2933 1802 2992 praecipitem
1839 2948 1936 2977 sese
1971 2933 2114 2978 dedit.

355 2999 446 3043 Sed
474 2999 597 3042 initis
632 3001 820 3044 fluuius.
850 3002 892 3044 in
923 3003 1144 3046 bonorem
1172 3004 1243 3047 dei
1281 3004 1452 3048 scilicet
1485 3004 1563 3062 qui
1600 3015 1643 3048 et
1667 3003 1790 3062 ipsas
1814 3019 1959 3062 aquas
1983 3018 2116 3048 urere

354 3071 616 3113 consueuit.
660 3084 869 3114 metuens
910 3073 994 3116 sibi
1036 3074 1277 3118 confestim
1319 3090 1418 3118 eam
1467 3074 1658 3118 innoxio
1697 3074 1939 3118 uolumine
1978 3089 2118 3133 super
