2410 3487
258 378 592 424 remulcebant.
623 378 720 421 Nec
754 389 907 421 tamen
945 377 1243 420 scelestarum
1280 375 1808 435 feminarum·nequitia
1847 379 1915 420 uel
1955 378 2029 420 illa

259 449 432 493 mellita
476 460 638 492 cantus
682 448 929 492 dulcedine
976 447 1153 490 mollita
1199 447 1488 504 conquieuit„
1531 449 1608 491 sed
1652 449 1706 491 ad
1751 448 2026 492 destinatam

257 520 492 564 fraudium
526 520 738 577 pedicam
775 534 1039 563 sermonem
1079 517 1371 561 conferentes
1408 518 1758 562 dissimulanter
1795 519 2030 576 occipiunt

257 591 497 643 sciscitari„
524 591 675 648 qualis
699 591 737 634 ei
767 590 962 634 maritus
987 601 1028 633 et
1051 589 1174 632 unde
1200 589 1446 640 natalium„
1469 601 1587 631 secta
1613 589 1712 632 cuia
1740 589 2025 647 proueniret.

255 663 392 705 Tunc
417 661 494 705 illa
529 661 824 720 simplicitate
862 661 1008 704 nimia
1041 659 1225 718 pristini
1263 659 1495 702 sermonis
1526 659 1668 702 oblita
1705 675 1882 702 nouum
1908 675 2026 702 com-

257 744 466 776 mentum
513 732 701 776 instruit
756 732 910 789 aitque
957 730 1177 774 maritum
1224 745 1361 773 suum
1409 730 1463 772 de
1510 730 1751 787 prouincia
1799 730 2026 788 proxima.

255 803 440 862 magnis
475 803 686 861 pecuniis
721 803 1053 861 negotiantem,
1083 801 1173 844 iam
1212 800 1416 844 medium
1454 816 1641 844 cursum
1680 801 1840 844 aetatis
1874 816 2026 859 agere.¹

257 874 592 932 interspersum
626 889 726 918 rara
757 873 940 916 canitie.
983 873 1081 916 Nec
1118 871 1161 914 in
1203 886 1418 915 sermone
1458 871 1544 914 isto
1581 872 1813 915 tantillum
1852 884 2027 915 morata

255 960 440 989 rursum
466 944 674 1003 opiparis
706 943 982 987 muneribus
1007 957 1082 985 eas
1107 954 1298 985 onustas
1332 954 1527 985 uentoso
1560 943 1777 985 uehiculo
1810 943 2025 986 reddidit.

405 1023 455 1065 16
490 1022 583 1068 Sed
599 1022 709 1065 dum
731 1020 933 1079 Zephyri
955 1019 1210 1077 tranquillo
1231 1019 1395 1077 spiritu
1419 1019 1696 1062 sublimatae
1716 1021 1909 1062 domum
1933 1021 2027 1063 red-

254 1104 383 1146 eunt,
399 1092 462 1135 sic
478 1107 634 1135 secum
650 1092 924 1135 altercantes
947 1090 1137 1147 :‘Quid„
1153 1105 1302 1143 soror„
1320 1090 1520 1133 dicimus
1541 1091 1596 1133 de
1615 1103 1707 1133 tam
1731 1103 2028 1134 monstruoso

253 1163 405 1206 fatuae
451 1163 576 1206 illius
613 1162 887 1206 mendacio?
921 1163 1057 1205 Tunc
1098 1161 1371 1205 adulescens
1412 1163 1554 1204 modo
1594 1161 1775 1204 florenti
1811 1162 2028 1220 lanugine

253 1233 447 1277 barbam
473 1233 729 1285 instruens„
752 1248 877 1276 nunc
902 1244 1047 1276 aetate
1074 1232 1227 1275 media
1248 1232 1463 1275 candenti
1489 1231 1657 1275 canitie
1684 1232 1880 1275 lucidus.
1905 1232 2028 1289 Quis

253 1304 346 1360 ille,
373 1320 511 1362 quem
537 1304 763 1363 temporis
793 1304 965 1347 modici
998 1303 1201 1362 spatium
1237 1303 1479 1361 repentina
1512 1315 1694 1346 senecta
1727 1303 2025 1346 reformauit}

252 1375 317 1418 nil
342 1375 468 1419 aliud
501 1375 755 1433 repperies,
783 1375 845 1418 mi
878 1390 1026 1427 soror7
1054 1389 1194 1431 quam
1229 1375 1300 1417 uel
1335 1375 1576 1417 mendacia
1608 1374 1743 1417 istam
1776 1374 2025 1432 pessimam

250 1445 473 1490 feminam
500 1446 765 1504 confingere
793 1446 863 1489 uel
889 1445 1088 1489 formam
1117 1445 1268 1488 mariti
1297 1445 1365 1488 sui
1399 1446 1591 1488 nescire.
1621 1445 1843 1502 Quorum
1872 1457 2027 1488 utrum

252 1532 415 1560 uerum
448 1529 531 1568 est„
559 1517 729 1575 opibus
760 1517 858 1560 istis
893 1532 1032 1574 quam
1070 1516 1275 1574 primum
1312 1516 1666 1559 exterminanda
1702 1529 1784 1559 est.
1814 1516 1957 1573 Quod
1991 1516 2024 1559 si

251 1588 340 1632 uiri
366 1589 437 1632 sui
463 1588 625 1632 faciem
654 1588 852 1647 ignorat7
879 1589 966 1632 deo
992 1588 1197 1646 profecto
1222 1588 1444 1645 denupsit
1468 1602 1510 1631 et
1533 1589 1672 1631 deum
1702 1588 1838 1631 nobis
1869 1603 2026 1646 praeg-

251 1659 438 1703 natione
479 1660 562 1703 ista
603 1661 735 1718 gerit.
781 1660 916 1704 Certe
954 1660 989 1702 si
1029 1659 1179 1703 diuini
1221 1659 1363 1717 puelli
1399 1686 1455 1691 —
1481 1660 1604 1717 quod
1643 1659 1782 1702 absit!
1821 1686 1878 1690 —
1915 1659 2027 1702 haec

251 1743 397 1775 mater
426 1731 643 1785 audierit⁷
670 1731 823 1774 statim
861 1746 932 1774 me
968 1731 1137 1789 laqueo
1172 1730 1308 1774 nexili
1347 1731 1650 1788 suspendam.
1681 1731 1804 1789 Ergo
1840 1730 2023 1773 interim

250 1803 306 1845 ad
347 1814 561 1860 parentes
607 1814 790 1845 nostros
835 1802 1082 1845 redeamus
1124 1814 1165 1845 et
1205 1802 1395 1846 exordio
1436 1801 1667 1845 sermonis
1709 1801 1845 1844 liuius
1885 1817 2024 1859 quam

251 1864 520 1917 concolores
544 1873 748 1916 fallacias
780 1871 1081 1916 adtexamus³.

256 1940 264 1949 '
400 1960 448 2003 17
487 1944 563 1990 Sic
589 1945 922 1998 inflammatae7
946 1944 1220 2002 parentibus
1246 1944 1535 1987 fastidienter
1557 1944 1802 2001 appellatis
1827 1955 1869 1987 et
1894 1955 2025 1986 nocte

248 2015 432 2059 turbata
460 2015 649 2074 uigiliisq
679 2015 885 2073 perditae
912 2016 1143 2059 matutino
1165 2016 1409 2074 scopulum
1434 2016 1680 2074 peruolant
1704 2027 1746 2058 et
1772 2015 1877 2057 inde
1903 2014 2023 2057 soliti

252 2087 378 2130 uenti
406 2087 639 2145 praesidio
660 2087 966 2130 uehementer
986 2087 1208 2130 deuolant
1230 2087 1526 2145 lacrimisque
1547 2101 1764 2144 pressura
1785 2087 2024 2144 palpebra-

251 2173 353 2202 rum
373 2159 542 2202 coactis
559 2159 643 2202 hoc
661 2170 760 2202 astu
779 2159 982 2216 puellam
1003 2159 1242 2217 appellant
1264 2177 1271 2201 2
1292 2159 1380 2202 cTu
1401 2159 1590 2216 quidem
1613 2157 1716 2201 felix
1738 2170 1780 2201 et
1796 2157 1894 2215 ipsa
1911 2157 2024 2200 tanti

250 2229 358 2273 mali
386 2229 648 2288 ignorantia
674 2230 806 2273 beata
832 2231 965 2273 sedes
992 2231 1227 2274 incuriosa
1259 2230 1453 2288 periculi
1480 2230 1563 2283 tui,
1592 2244 1676 2272 nos
1707 2241 1879 2281 autenn
1907 2244 2024 2286 quae

247 2300 465 2359 peruigili
485 2315 594 2344 cura
616 2301 754 2344 rebus
774 2301 865 2344 tuis
885 2301 1189 2355 excubamus,
1210 2301 1421 2344 cladibus
1442 2301 1532 2344 tuis
1553 2301 1720 2344 misere
1741 2300 2020 2343 cruciamur.

248 2372 342 2415 Pro
362 2386 473 2414 uero
492 2387 694 2429 namque
715 2372 1034 2430 comperimus
1055 2388 1137 2415 nec
1158 2384 1216 2426 te„
1240 2373 1389 2415 sociae
1410 2372 1582 2415 scilicet
1602 2371 1777 2415 doloris
1797 2386 2023 2428 casusque

246 2443 331 2496 tui,
357 2444 506 2486 celare
532 2458 784 2501 possumus
811 2443 1066 2487 immanem
1092 2444 1357 2497 colubrum7
1387 2443 1664 2486 multinodis
1695 2442 2023 2485 uoluminibus

247 2526 528 2572 serpentem5
557 2529 740 2558 ueneno
766 2515 905 2558 noxio
927 2507 1046 2558 colla
1082 2515 1442 2574 sanguinantem
1477 2514 1781 2571 hiantemque
1813 2513 2022 2572 ingluuie

247 2584 499 2643 profunda„
546 2597 698 2629 tecum
744 2586 960 2629 noctibus
1002 2587 1196 2630 latenter
1239 2586 1555 2643 adquiescere.
1601 2586 1742 2628 Nunc
1783 2585 2022 2628 recordare

244 2656 382 2700 sortis
423 2656 661 2715 Pythicae,
704 2672 821 2714 quae
858 2669 899 2700 te
939 2657 1144 2715 procacis
1182 2658 1354 2701 bestiae
1394 2657 1570 2715 nuptiis
1607 2657 1884 2699 destinatam
1923 2671 2021 2698 esse

246 2727 480 2771 clamauit.
517 2729 573 2771 Et
604 2728 737 2771 multi
771 2728 921 2771 coloni
957 2729 1131 2786 quique
1162 2729 1475 2772 circumsecus
1507 2738 1741 2770 uenantur
1765 2739 1807 2770 et
1841 2727 2022 2769 accolae

246 2799 438 2857 plurimi
485 2799 706 2843 uiderunt
750 2815 855 2842 eum
905 2815 1097 2858 uespera
1152 2801 1423 2844 redeuntem
1471 2815 1492 2842 e
1539 2811 1673 2857 pastu
1726 2797 2020 2856 proximique

245 2870 456 2914 fluminis
482 2871 616 2914 uadis
642 2871 949 2914 innatantem.

395 2942 444 2985 18
482 2943 579 2986 Nec
618 2943 697 2986 diu
740 2942 924 2986 blandis
965 2943 1299 2986 alimoniarum
1335 2942 1575 3000 obsequiis
1616 2954 1655 2985 te
1697 2941 2017 2999 saginaturum

244 3028 408 3057 omnes
423 3014 689 3068 adfirmant7
706 3015 783 3058 sed
800 3030 906 3058 cum
924 3015 1129 3072 primum
1149 3015 1532 3073 praegnationem
1549 3026 1674 3057 tuam
1694 3013 1859 3070 plenus
1875 3024 2018 3054 matu-

247 3084 420 3131 rauerit
435 3097 611 3139 uterus,
630 3086 861 3144 opimiore
879 3086 1029 3129 fructu
1050 3085 1304 3144 praeditam
1325 3086 1678 3128 deuoraturum.
1702 3084 1773 3127 Ad
1796 3083 1905 3127 baec
1928 3083 2014 3126 iam

2080 1042 2127 1068 Ι()

2079 1398 2085 1424 ι
2103 1385 2123 1425 5

2069 1754 2124 1781 20

2066 2469 2120 2495 34)

2063 2809 2084 2852 3
2095 2811 2116 2852 5
