<?xml version="1.0" encoding="UTF-8"?>
<!DOCTYPE html PUBLIC "-//W3C//DTD XHTML 1.0 Transitional//EN"
    "http://www.w3.org/TR/xhtml1/DTD/xhtml1-transitional.dtd">
<html xmlns="http://www.w3.org/1999/xhtml" xml:lang="en" lang="en">
 <head>
  <title>
</title>
<meta http-equiv="Content-Type" content="text/html;charset=utf-8" />
  <meta name='ocr-system' content='tesseract 3.04.00' />
  <meta name='ocr-capabilities' content='ocr_page ocr_carea ocr_par ocr_line ocrx_word'/>
</head>
<body>
  <div class='ocr_page' id='page_1' title='image "./depsycheetcupidi00apuluoft_0041.png"; bbox 0 0 2410 3487; ppageno 0'>
   <div class='ocr_carea' id='block_1_1' title="bbox 1039 238 1333 280">
    <p class='ocr_par' dir='ltr' id='par_1_1' title="bbox 1039 238 1333 280">
     <span class='ocr_line' id='line_1_1' title="bbox 1039 238 1333 280; baseline 0.003 -13"><span class='ocrx_word' id='word_1_1' title='bbox 1039 238 1333 280; x_wconf 39' lang='lat' dir='ltr'>„25ss</span> 
     </span>
    </p>
   </div>
   <div class='ocr_carea' id='block_1_2' title="bbox 294 364 2079 2068">
    <p class='ocr_par' dir='ltr' id='par_1_2' title="bbox 294 364 2079 1846">
     <span class='ocr_line' id='line_1_2' title="bbox 450 364 2078 426; baseline 0.004 -19"><span class='ocrx_word' id='word_1_2' title='bbox 450 364 500 407; x_wconf 79' lang='lat'>18</span> <span class='ocrx_word' id='word_1_3' title='bbox 529 365 819 408; x_wconf 78' lang='lat' dir='ltr'>Lacedaemo</span> <span class='ocrx_word' id='word_1_4' title='bbox 838 365 1044 409; x_wconf 81' lang='lat' dir='ltr'>Achaiae</span> <span class='ocrx_word' id='word_1_5' title='bbox 1066 366 1238 409; x_wconf 89' lang='lat' dir='ltr'>nobilis</span> <span class='ocrx_word' id='word_1_6' title='bbox 1257 366 1423 410; x_wconf 86' lang='lat' dir='ltr'>ciuitas</span> <span class='ocrx_word' id='word_1_7' title='bbox 1444 382 1535 410; x_wconf 93' lang='lat' dir='ltr'>non</span> <span class='ocrx_word' id='word_1_8' title='bbox 1560 368 1694 426; x_wconf 88' lang='lat' dir='ltr'>longe</span> <span class='ocrx_word' id='word_1_9' title='bbox 1717 368 1799 412; x_wconf 85' lang='lat' dir='ltr'>sita</span> <span class='ocrx_word' id='word_1_10' title='bbox 1819 381 1885 412; x_wconf 87' lang='lat' dir='ltr'>est</span> <span class='ocrx_word' id='word_1_11' title='bbox 1907 387 1914 412; x_wconf 90' lang='lat'>:</span> <span class='ocrx_word' id='word_1_12' title='bbox 1936 369 2078 413; x_wconf 83' lang='lat' dir='ltr'>huius</span> 
     </span>
     <span class='ocr_line' id='line_1_3' title="bbox 300 435 2077 498; baseline 0.002 -20"><span class='ocrx_word' id='word_1_13' title='bbox 300 435 665 489; x_wconf 68' lang='lat' dir='ltr'>conterminam,</span> <span class='ocrx_word' id='word_1_14' title='bbox 691 436 842 479; x_wconf 89' lang='lat' dir='ltr'>deuiis</span> <span class='ocrx_word' id='word_1_15' title='bbox 868 436 1075 480; x_wconf 88' lang='lat' dir='ltr'>abditam</span> <span class='ocrx_word' id='word_1_16' title='bbox 1101 437 1229 487; x_wconf 57' lang='lat' dir='ltr'>locisq</span> <span class='ocrx_word' id='word_1_17' title='bbox 1257 452 1428 495; x_wconf 89' lang='lat' dir='ltr'>quaere</span> <span class='ocrx_word' id='word_1_18' title='bbox 1459 439 1749 481; x_wconf 73' lang='lat' dir='ltr'>Taenarum.</span> <span class='ocrx_word' id='word_1_19' title='bbox 1780 439 1902 482; x_wconf 81' lang='lat' dir='ltr'>Inibi</span> <span class='ocrx_word' id='word_1_20' title='bbox 1930 440 2077 498; x_wconf 87' lang='lat' dir='ltr'>spira-</span> 
     </span>
     <span class='ocr_line' id='line_1_4' title="bbox 300 506 2077 565; baseline 0.003 -16"><span class='ocrx_word' id='word_1_21' title='bbox 300 507 459 549; x_wconf 81' lang='lat' dir='ltr'>culum</span> <span class='ocrx_word' id='word_1_22' title='bbox 498 506 619 550; x_wconf 89' lang='lat' dir='ltr'>Ditis</span> <span class='ocrx_word' id='word_1_23' title='bbox 656 518 698 550; x_wconf 92' lang='lat' dir='ltr'>et</span> <span class='ocrx_word' id='word_1_24' title='bbox 734 522 816 565; x_wconf 91' lang='lat' dir='ltr'>per</span> <span class='ocrx_word' id='word_1_25' title='bbox 852 519 1009 565; x_wconf 91' lang='lat' dir='ltr'>portas</span> <span class='ocrx_word' id='word_1_26' title='bbox 1047 508 1229 551; x_wconf 77' lang='lat' dir='ltr'>hiantes</span> <span class='ocrx_word' id='word_1_27' title='bbox 1270 520 1558 552; x_wconf 88' lang='lat' dir='ltr'>monstratur</span> <span class='ocrx_word' id='word_1_28' title='bbox 1596 509 1680 552; x_wconf 90' lang='lat' dir='ltr'>iter</span> <span class='ocrx_word' id='word_1_29' title='bbox 1706 509 1912 563; x_wconf 61' lang='lat' dir='ltr'>inuium„</span> <span class='ocrx_word' id='word_1_30' title='bbox 1938 512 2010 554; x_wconf 91' lang='lat' dir='ltr'>cui</span> <span class='ocrx_word' id='word_1_31' title='bbox 2038 524 2077 555; x_wconf 90' lang='lat' dir='ltr'>te</span> 
     </span>
     <span class='ocr_line' id='line_1_5' title="bbox 300 577 2075 639; baseline 0.002 -19"><span class='ocrx_word' id='word_1_32' title='bbox 300 577 447 620; x_wconf 87' lang='lat' dir='ltr'>limite</span> <span class='ocrx_word' id='word_1_33' title='bbox 479 589 764 621; x_wconf 89' lang='lat' dir='ltr'>transmeato</span> <span class='ocrx_word' id='word_1_34' title='bbox 796 578 936 621; x_wconf 89' lang='lat' dir='ltr'>simul</span> <span class='ocrx_word' id='word_1_35' title='bbox 969 579 1281 632; x_wconf 65' lang='lat' dir='ltr'>commiseris„</span> <span class='ocrx_word' id='word_1_36' title='bbox 1311 579 1400 621; x_wconf 88' lang='lat' dir='ltr'>iam</span> <span class='ocrx_word' id='word_1_37' title='bbox 1432 580 1589 622; x_wconf 88' lang='lat' dir='ltr'>canale</span> <span class='ocrx_word' id='word_1_38' title='bbox 1621 580 1795 623; x_wconf 87' lang='lat' dir='ltr'>directo</span> <span class='ocrx_word' id='word_1_39' title='bbox 1827 596 1991 639; x_wconf 84' lang='lat' dir='ltr'>perges</span> <span class='ocrx_word' id='word_1_40' title='bbox 2022 583 2075 625; x_wconf 88' lang='lat' dir='ltr'>ad</span> 
     </span>
     <span class='ocr_line' id='line_1_6' title="bbox 301 648 2078 708; baseline 0.002 -17"><span class='ocrx_word' id='word_1_41' title='bbox 301 648 451 706; x_wconf 91' lang='lat' dir='ltr'>ipsam</span> <span class='ocrx_word' id='word_1_42' title='bbox 491 648 603 692; x_wconf 87' lang='lat' dir='ltr'>Orci</span> <span class='ocrx_word' id='word_1_43' title='bbox 646 649 837 708; x_wconf 86' lang='lat' dir='ltr'>regiam.</span> <span class='ocrx_word' id='word_1_44' title='bbox 881 649 973 694; x_wconf 84' lang='lat' dir='ltr'>Sed</span> <span class='ocrx_word' id='word_1_45' title='bbox 1020 665 1113 692; x_wconf 92' lang='lat' dir='ltr'>non</span> <span class='ocrx_word' id='word_1_46' title='bbox 1163 650 1388 692; x_wconf 89' lang='lat' dir='ltr'>hactenus</span> <span class='ocrx_word' id='word_1_47' title='bbox 1429 665 1576 693; x_wconf 89' lang='lat' dir='ltr'>uacua</span> <span class='ocrx_word' id='word_1_48' title='bbox 1621 651 1814 694; x_wconf 80' lang='lat' dir='ltr'>debebis</span> <span class='ocrx_word' id='word_1_49' title='bbox 1855 667 1935 708; x_wconf 83' lang='lat' dir='ltr'>per</span> <span class='ocrx_word' id='word_1_50' title='bbox 1978 653 2078 695; x_wconf 90' lang='lat' dir='ltr'>illas</span> 
     </span>
     <span class='ocr_line' id='line_1_7' title="bbox 299 718 2079 777; baseline 0.002 -15"><span class='ocrx_word' id='word_1_51' title='bbox 299 718 514 762; x_wconf 75' lang='lat' dir='ltr'>tenebras</span> <span class='ocrx_word' id='word_1_52' title='bbox 561 719 792 773; x_wconf 57' lang='lat' dir='ltr'>incederQ</span> <span class='ocrx_word' id='word_1_53' title='bbox 833 721 910 763; x_wconf 90' lang='lat' dir='ltr'>sed</span> <span class='ocrx_word' id='word_1_54' title='bbox 956 719 1069 762; x_wconf 86' lang='lat' dir='ltr'>offas</span> <span class='ocrx_word' id='word_1_55' title='bbox 1116 720 1330 777; x_wconf 76' lang='lat' dir='ltr'>polentae</span> <span class='ocrx_word' id='word_1_56' title='bbox 1370 721 1526 763; x_wconf 89' lang='lat' dir='ltr'>mulso</span> <span class='ocrx_word' id='word_1_57' title='bbox 1570 733 1808 764; x_wconf 86' lang='lat' dir='ltr'>concretas</span> <span class='ocrx_word' id='word_1_58' title='bbox 1848 723 2079 765; x_wconf 89' lang='lat' dir='ltr'>ambabus</span> 
     </span>
     <span class='ocr_line' id='line_1_8' title="bbox 300 790 2079 849; baseline 0.001 -16"><span class='ocrx_word' id='word_1_59' title='bbox 300 801 476 848; x_wconf 90' lang='lat' dir='ltr'>gestare</span> <span class='ocrx_word' id='word_1_60' title='bbox 504 791 742 844; x_wconf 65' lang='lat' dir='ltr'>manibus„</span> <span class='ocrx_word' id='word_1_61' title='bbox 770 802 813 833; x_wconf 89' lang='lat' dir='ltr'>at</span> <span class='ocrx_word' id='word_1_62' title='bbox 849 790 892 833; x_wconf 90' lang='lat' dir='ltr'>in</span> <span class='ocrx_word' id='word_1_63' title='bbox 922 790 1022 848; x_wconf 87' lang='lat' dir='ltr'>ipso</span> <span class='ocrx_word' id='word_1_64' title='bbox 1048 805 1126 833; x_wconf 91' lang='lat' dir='ltr'>ore</span> <span class='ocrx_word' id='word_1_65' title='bbox 1159 791 1276 834; x_wconf 90' lang='lat' dir='ltr'>duas</span> <span class='ocrx_word' id='word_1_66' title='bbox 1306 791 1423 834; x_wconf 89' lang='lat' dir='ltr'>ferre</span> <span class='ocrx_word' id='word_1_67' title='bbox 1456 791 1614 849; x_wconf 75' lang='lat' dir='ltr'>stipes,</span> <span class='ocrx_word' id='word_1_68' title='bbox 1645 792 1840 849; x_wconf 85' lang='lat' dir='ltr'>lamque</span> <span class='ocrx_word' id='word_1_69' title='bbox 1873 793 2079 837; x_wconf 85' lang='lat' dir='ltr'>confecta</span> 
     </span>
     <span class='ocr_line' id='line_1_9' title="bbox 300 861 2075 921; baseline 0.002 -17"><span class='ocrx_word' id='word_1_70' title='bbox 300 861 421 904; x_wconf 91' lang='lat' dir='ltr'>bona</span> <span class='ocrx_word' id='word_1_71' title='bbox 447 873 574 919; x_wconf 91' lang='lat' dir='ltr'>parte</span> <span class='ocrx_word' id='word_1_72' title='bbox 601 861 867 905; x_wconf 76' lang='lat' dir='ltr'>mortiferae</span> <span class='ocrx_word' id='word_1_73' title='bbox 894 861 996 905; x_wconf 89' lang='lat' dir='ltr'>uiae</span> <span class='ocrx_word' id='word_1_74' title='bbox 1022 861 1339 905; x_wconf 87' lang='lat' dir='ltr'>continaberis</span> <span class='ocrx_word' id='word_1_75' title='bbox 1370 863 1590 905; x_wconf 90' lang='lat' dir='ltr'>claudum</span> <span class='ocrx_word' id='word_1_76' title='bbox 1624 863 1809 905; x_wconf 88' lang='lat' dir='ltr'>asinum</span> <span class='ocrx_word' id='word_1_77' title='bbox 1840 864 2075 921; x_wconf 82' lang='lat' dir='ltr'>lignorum</span> 
     </span>
     <span class='ocr_line' id='line_1_10' title="bbox 299 932 2079 992; baseline 0.002 -17"><span class='ocrx_word' id='word_1_78' title='bbox 299 933 514 991; x_wconf 89' lang='lat' dir='ltr'>gerulum</span> <span class='ocrx_word' id='word_1_79' title='bbox 557 947 661 975; x_wconf 91' lang='lat' dir='ltr'>cum</span> <span class='ocrx_word' id='word_1_80' title='bbox 705 948 906 991; x_wconf 84' lang='lat' dir='ltr'>agasone</span> <span class='ocrx_word' id='word_1_81' title='bbox 948 933 1109 981; x_wconf 71' lang='lat' dir='ltr'>simili„</span> <span class='ocrx_word' id='word_1_82' title='bbox 1152 932 1230 990; x_wconf 87' lang='lat' dir='ltr'>qui</span> <span class='ocrx_word' id='word_1_83' title='bbox 1278 932 1329 976; x_wconf 88' lang='lat' dir='ltr'>te</span> <span class='ocrx_word' id='word_1_84' title='bbox 1358 933 1539 992; x_wconf 82' lang='lat' dir='ltr'>rogabit</span> <span class='ocrx_word' id='word_1_85' title='bbox 1578 933 1834 977; x_wconf 88' lang='lat' dir='ltr'>decidentis</span> <span class='ocrx_word' id='word_1_86' title='bbox 1871 935 2079 978; x_wconf 85' lang='lat' dir='ltr'>sarcinae</span> 
     </span>
     <span class='ocr_line' id='line_1_11' title="bbox 299 1003 2078 1063; baseline 0.002 -17"><span class='ocrx_word' id='word_1_87' title='bbox 299 1003 542 1046; x_wconf 80' lang='lat' dir='ltr'>fusticulos</span> <span class='ocrx_word' id='word_1_88' title='bbox 575 1003 758 1061; x_wconf 89' lang='lat' dir='ltr'>aliquos</span> <span class='ocrx_word' id='word_1_89' title='bbox 784 1004 997 1062; x_wconf 81' lang='lat' dir='ltr'>porrigas</span> <span class='ocrx_word' id='word_1_90' title='bbox 1022 1004 1089 1057; x_wconf 62' lang='lat' dir='ltr'>eig</span> <span class='ocrx_word' id='word_1_91' title='bbox 1129 1005 1206 1047; x_wconf 90' lang='lat' dir='ltr'>secl</span> <span class='ocrx_word' id='word_1_92' title='bbox 1244 1016 1290 1046; x_wconf 90' lang='lat' dir='ltr'>tu</span> <span class='ocrx_word' id='word_1_93' title='bbox 1329 1005 1456 1047; x_wconf 88' lang='lat' dir='ltr'>nulla</span> <span class='ocrx_word' id='word_1_94' title='bbox 1484 1020 1597 1047; x_wconf 93' lang='lat' dir='ltr'>uoce</span> <span class='ocrx_word' id='word_1_95' title='bbox 1628 1005 1906 1063; x_wconf 86' lang='lat' dir='ltr'>deprompta</span> <span class='ocrx_word' id='word_1_96' title='bbox 1943 1006 2078 1049; x_wconf 89' lang='lat' dir='ltr'>tacita</span> 
     </span>
     <span class='ocr_line' id='line_1_12' title="bbox 299 1075 2079 1134; baseline 0.002 -17"><span class='ocrx_word' id='word_1_97' title='bbox 299 1075 564 1133; x_wconf 89' lang='lat' dir='ltr'>praeterito.</span> <span class='ocrx_word' id='word_1_98' title='bbox 594 1075 693 1118; x_wconf 89' lang='lat' dir='ltr'>Nec</span> <span class='ocrx_word' id='word_1_99' title='bbox 728 1089 877 1129; x_wconf 65' lang='lat' dir='ltr'>mora,</span> <span class='ocrx_word' id='word_1_100' title='bbox 909 1090 1014 1117; x_wconf 90' lang='lat' dir='ltr'>cum</span> <span class='ocrx_word' id='word_1_101' title='bbox 1053 1076 1108 1118; x_wconf 86' lang='lat' dir='ltr'>ad</span> <span class='ocrx_word' id='word_1_102' title='bbox 1145 1075 1322 1119; x_wconf 84' lang='lat' dir='ltr'>flumen</span> <span class='ocrx_word' id='word_1_103' title='bbox 1354 1087 1596 1118; x_wconf 86' lang='lat' dir='ltr'>mortuum</span> <span class='ocrx_word' id='word_1_104' title='bbox 1633 1076 1813 1129; x_wconf 67' lang='lat' dir='ltr'>uenies,</span> <span class='ocrx_word' id='word_1_105' title='bbox 1840 1077 1913 1119; x_wconf 89' lang='lat' dir='ltr'>cui</span> <span class='ocrx_word' id='word_1_106' title='bbox 1946 1093 2079 1134; x_wconf 89' lang='lat' dir='ltr'>prae-</span> 
     </span>
     <span class='ocr_line' id='line_1_13' title="bbox 296 1145 2076 1205; baseline 0.002 -17"><span class='ocrx_word' id='word_1_107' title='bbox 296 1145 442 1189; x_wconf 92' lang='lat' dir='ltr'>fectus</span> <span class='ocrx_word' id='word_1_108' title='bbox 462 1146 649 1189; x_wconf 78' lang='lat' dir='ltr'>Charon</span> <span class='ocrx_word' id='word_1_109' title='bbox 673 1158 899 1204; x_wconf 88' lang='lat' dir='ltr'>protenus</span> <span class='ocrx_word' id='word_1_110' title='bbox 919 1158 1140 1204; x_wconf 79' lang='lat' dir='ltr'>expetens</span> <span class='ocrx_word' id='word_1_111' title='bbox 1161 1147 1444 1204; x_wconf 63' lang='lat' dir='ltr'>portorium„</span> <span class='ocrx_word' id='word_1_112' title='bbox 1467 1146 1529 1189; x_wconf 91' lang='lat' dir='ltr'>sic</span> <span class='ocrx_word' id='word_1_113' title='bbox 1552 1147 1607 1190; x_wconf 88' lang='lat' dir='ltr'>ad</span> <span class='ocrx_word' id='word_1_114' title='bbox 1632 1147 1783 1205; x_wconf 87' lang='lat' dir='ltr'>ripam</span> <span class='ocrx_word' id='word_1_115' title='bbox 1805 1148 2076 1192; x_wconf 79' lang='lat' dir='ltr'>ulteriorem</span> 
     </span>
     <span class='ocr_line' id='line_1_14' title="bbox 297 1216 2078 1276; baseline 0.002 -17"><span class='ocrx_word' id='word_1_116' title='bbox 297 1216 421 1260; x_wconf 90' lang='lat' dir='ltr'>sutili</span> <span class='ocrx_word' id='word_1_117' title='bbox 458 1217 630 1260; x_wconf 88' lang='lat' dir='ltr'>cumba</span> <span class='ocrx_word' id='word_1_118' title='bbox 661 1217 849 1260; x_wconf 81' lang='lat' dir='ltr'>deducit</span> <span class='ocrx_word' id='word_1_119' title='bbox 883 1230 1218 1261; x_wconf 86' lang='lat' dir='ltr'>commeantes.</span> <span class='ocrx_word' id='word_1_120' title='bbox 1251 1219 1374 1276; x_wconf 86' lang='lat' dir='ltr'>Ergo</span> <span class='ocrx_word' id='word_1_121' title='bbox 1410 1230 1452 1261; x_wconf 88' lang='lat' dir='ltr'>et</span> <span class='ocrx_word' id='word_1_122' title='bbox 1486 1219 1607 1261; x_wconf 88' lang='lat' dir='ltr'>inter</span> <span class='ocrx_word' id='word_1_123' title='bbox 1642 1230 1853 1261; x_wconf 89' lang='lat' dir='ltr'>mortuos</span> <span class='ocrx_word' id='word_1_124' title='bbox 1882 1220 2078 1263; x_wconf 86' lang='lat' dir='ltr'>auaritia</span> 
     </span>
     <span class='ocr_line' id='line_1_15' title="bbox 298 1287 2078 1349; baseline 0.001 -19"><span class='ocrx_word' id='word_1_125' title='bbox 298 1287 434 1342; x_wconf 69' lang='lat' dir='ltr'>uiuit7</span> <span class='ocrx_word' id='word_1_126' title='bbox 458 1303 540 1331; x_wconf 86' lang='lat' dir='ltr'>nec</span> <span class='ocrx_word' id='word_1_127' title='bbox 560 1288 747 1333; x_wconf 79' lang='lat' dir='ltr'>Charon</span> <span class='ocrx_word' id='word_1_128' title='bbox 772 1288 846 1331; x_wconf 90' lang='lat' dir='ltr'>ille</span> <span class='ocrx_word' id='word_1_129' title='bbox 868 1289 940 1331; x_wconf 91' lang='lat' dir='ltr'>uel</span> <span class='ocrx_word' id='word_1_130' title='bbox 966 1289 1084 1332; x_wconf 89' lang='lat' dir='ltr'>Ditis</span> <span class='ocrx_word' id='word_1_131' title='bbox 1107 1302 1252 1346; x_wconf 63' lang='lat' dir='ltr'>pater„</span> <span class='ocrx_word' id='word_1_132' title='bbox 1272 1301 1427 1332; x_wconf 89' lang='lat' dir='ltr'>tantus</span> <span class='ocrx_word' id='word_1_133' title='bbox 1448 1290 1581 1342; x_wconf 66' lang='lat' dir='ltr'>deus7</span> <span class='ocrx_word' id='word_1_134' title='bbox 1600 1289 1856 1347; x_wconf 81' lang='lat' dir='ltr'>quicquam</span> <span class='ocrx_word' id='word_1_135' title='bbox 1876 1291 2078 1349; x_wconf 88' lang='lat' dir='ltr'>gratuito</span> 
     </span>
     <span class='ocr_line' id='line_1_16' title="bbox 297 1358 2078 1419; baseline 0.002 -18"><span class='ocrx_word' id='word_1_136' title='bbox 297 1358 419 1413; x_wconf 64' lang='lat' dir='ltr'>facit,</span> <span class='ocrx_word' id='word_1_137' title='bbox 447 1371 513 1402; x_wconf 91' lang='lat' dir='ltr'>set</span> <span class='ocrx_word' id='word_1_138' title='bbox 549 1359 758 1403; x_wconf 90' lang='lat' dir='ltr'>moriens</span> <span class='ocrx_word' id='word_1_139' title='bbox 789 1375 970 1418; x_wconf 82' lang='lat' dir='ltr'>pauper</span> <span class='ocrx_word' id='word_1_140' title='bbox 994 1360 1218 1404; x_wconf 89' lang='lat' dir='ltr'>uiaticum</span> <span class='ocrx_word' id='word_1_141' title='bbox 1260 1361 1397 1404; x_wconf 90' lang='lat' dir='ltr'>debet</span> <span class='ocrx_word' id='word_1_142' title='bbox 1434 1376 1676 1419; x_wconf 70' lang='lat' dir='ltr'>quaerere,</span> <span class='ocrx_word' id='word_1_143' title='bbox 1703 1372 1745 1404; x_wconf 88' lang='lat' dir='ltr'>et</span> <span class='ocrx_word' id='word_1_144' title='bbox 1783 1376 1858 1404; x_wconf 87' lang='lat' dir='ltr'>aes</span> <span class='ocrx_word' id='word_1_145' title='bbox 1889 1362 1921 1404; x_wconf 91' lang='lat' dir='ltr'>si</span> <span class='ocrx_word' id='word_1_146' title='bbox 1964 1361 2078 1405; x_wconf 88' lang='lat' dir='ltr'>forte</span> 
     </span>
     <span class='ocr_line' id='line_1_17' title="bbox 296 1431 2078 1490; baseline 0.002 -17"><span class='ocrx_word' id='word_1_147' title='bbox 296 1445 405 1488; x_wconf 90' lang='lat' dir='ltr'>prae</span> <span class='ocrx_word' id='word_1_148' title='bbox 442 1445 583 1474; x_wconf 89' lang='lat' dir='ltr'>manu</span> <span class='ocrx_word' id='word_1_149' title='bbox 618 1446 710 1473; x_wconf 91' lang='lat' dir='ltr'>non</span> <span class='ocrx_word' id='word_1_150' title='bbox 742 1431 900 1485; x_wconf 61' lang='lat' dir='ltr'>fuerit,</span> <span class='ocrx_word' id='word_1_151' title='bbox 928 1447 1067 1475; x_wconf 90' lang='lat' dir='ltr'>nemo</span> <span class='ocrx_word' id='word_1_152' title='bbox 1092 1447 1201 1474; x_wconf 90' lang='lat' dir='ltr'>eum</span> <span class='ocrx_word' id='word_1_153' title='bbox 1228 1432 1438 1489; x_wconf 83' lang='lat' dir='ltr'>expirare</span> <span class='ocrx_word' id='word_1_154' title='bbox 1463 1432 1681 1490; x_wconf 87' lang='lat' dir='ltr'>patietur.</span> <span class='ocrx_word' id='word_1_155' title='bbox 1713 1432 1837 1475; x_wconf 89' lang='lat' dir='ltr'>Huic</span> <span class='ocrx_word' id='word_1_156' title='bbox 1863 1433 2078 1490; x_wconf 86' lang='lat' dir='ltr'>squalido</span> 
     </span>
     <span class='ocr_line' id='line_1_18' title="bbox 296 1501 2075 1560; baseline 0.002 -16"><span class='ocrx_word' id='word_1_157' title='bbox 296 1501 394 1545; x_wconf 88' lang='lat' dir='ltr'>seni</span> <span class='ocrx_word' id='word_1_158' title='bbox 421 1502 554 1545; x_wconf 89' lang='lat' dir='ltr'>dabis</span> <span class='ocrx_word' id='word_1_159' title='bbox 586 1502 714 1545; x_wconf 88' lang='lat' dir='ltr'>nauli</span> <span class='ocrx_word' id='word_1_160' title='bbox 749 1502 941 1546; x_wconf 90' lang='lat' dir='ltr'>nomine</span> <span class='ocrx_word' id='word_1_161' title='bbox 968 1503 1023 1546; x_wconf 88' lang='lat' dir='ltr'>de</span> <span class='ocrx_word' id='word_1_162' title='bbox 1056 1503 1258 1560; x_wconf 84' lang='lat' dir='ltr'>stipibus</span> <span class='ocrx_word' id='word_1_163' title='bbox 1286 1518 1405 1560; x_wconf 83' lang='lat' dir='ltr'>quas</span> <span class='ocrx_word' id='word_1_164' title='bbox 1437 1503 1555 1546; x_wconf 85' lang='lat' dir='ltr'>feres</span> <span class='ocrx_word' id='word_1_165' title='bbox 1586 1504 1798 1557; x_wconf 65' lang='lat' dir='ltr'>alteram,</span> <span class='ocrx_word' id='word_1_166' title='bbox 1826 1504 1889 1546; x_wconf 87' lang='lat' dir='ltr'>sic</span> <span class='ocrx_word' id='word_1_167' title='bbox 1920 1516 2075 1547; x_wconf 88' lang='lat' dir='ltr'>tamen</span> 
     </span>
     <span class='ocr_line' id='line_1_19' title="bbox 296 1573 2077 1633; baseline 0.001 -17"><span class='ocrx_word' id='word_1_168' title='bbox 296 1585 345 1616; x_wconf 93' lang='lat' dir='ltr'>ut</span> <span class='ocrx_word' id='word_1_169' title='bbox 370 1573 468 1632; x_wconf 88' lang='lat' dir='ltr'>ipse</span> <span class='ocrx_word' id='word_1_170' title='bbox 494 1579 576 1617; x_wconf 84' lang='lat' dir='ltr'>sua</span> <span class='ocrx_word' id='word_1_171' title='bbox 602 1589 745 1617; x_wconf 87' lang='lat' dir='ltr'>manu</span> <span class='ocrx_word' id='word_1_172' title='bbox 772 1575 827 1617; x_wconf 89' lang='lat' dir='ltr'>de</span> <span class='ocrx_word' id='word_1_173' title='bbox 848 1585 928 1617; x_wconf 90' lang='lat' dir='ltr'>tuo</span> <span class='ocrx_word' id='word_1_174' title='bbox 953 1586 1108 1618; x_wconf 88' lang='lat' dir='ltr'>sumat</span> <span class='ocrx_word' id='word_1_175' title='bbox 1127 1589 1222 1618; x_wconf 88' lang='lat' dir='ltr'>ore.</span> <span class='ocrx_word' id='word_1_176' title='bbox 1249 1575 1345 1618; x_wconf 91' lang='lat' dir='ltr'>Nec</span> <span class='ocrx_word' id='word_1_177' title='bbox 1367 1574 1510 1617; x_wconf 88' lang='lat' dir='ltr'>setius</span> <span class='ocrx_word' id='word_1_178' title='bbox 1530 1574 1611 1617; x_wconf 91' lang='lat' dir='ltr'>tibi</span> <span class='ocrx_word' id='word_1_179' title='bbox 1636 1574 1825 1633; x_wconf 87' lang='lat' dir='ltr'>pigrum</span> <span class='ocrx_word' id='word_1_180' title='bbox 1844 1575 2077 1618; x_wconf 80' lang='lat' dir='ltr'>fluentum</span> 
     </span>
     <span class='ocr_line' id='line_1_20' title="bbox 294 1644 2078 1704; baseline 0.001 -17"><span class='ocrx_word' id='word_1_181' title='bbox 294 1644 603 1688; x_wconf 86' lang='lat' dir='ltr'>transmeanti</span> <span class='ocrx_word' id='word_1_182' title='bbox 641 1645 837 1702; x_wconf 90' lang='lat' dir='ltr'>quidam</span> <span class='ocrx_word' id='word_1_183' title='bbox 880 1658 1190 1704; x_wconf 85' lang='lat' dir='ltr'>supernatans</span> <span class='ocrx_word' id='word_1_184' title='bbox 1230 1661 1371 1689; x_wconf 85' lang='lat' dir='ltr'>senex</span> <span class='ocrx_word' id='word_1_185' title='bbox 1412 1658 1629 1689; x_wconf 90' lang='lat' dir='ltr'>mortuus</span> <span class='ocrx_word' id='word_1_186' title='bbox 1667 1648 1814 1704; x_wconf 88' lang='lat' dir='ltr'>putris</span> <span class='ocrx_word' id='word_1_187' title='bbox 1850 1647 2078 1691; x_wconf 87' lang='lat' dir='ltr'>adtollens</span> 
     </span>
     <span class='ocr_line' id='line_1_21' title="bbox 296 1716 2077 1776; baseline 0.002 -17"><span class='ocrx_word' id='word_1_188' title='bbox 296 1731 465 1759; x_wconf 89' lang='lat' dir='ltr'>manus</span> <span class='ocrx_word' id='word_1_189' title='bbox 491 1716 643 1760; x_wconf 89' lang='lat' dir='ltr'>orabit</span> <span class='ocrx_word' id='word_1_190' title='bbox 668 1729 717 1760; x_wconf 91' lang='lat' dir='ltr'>ut</span> <span class='ocrx_word' id='word_1_191' title='bbox 741 1732 848 1760; x_wconf 87' lang='lat' dir='ltr'>eum</span> <span class='ocrx_word' id='word_1_192' title='bbox 882 1717 1000 1761; x_wconf 89' lang='lat' dir='ltr'>intra</span> <span class='ocrx_word' id='word_1_193' title='bbox 1028 1717 1272 1776; x_wconf 87' lang='lat' dir='ltr'>nauigium</span> <span class='ocrx_word' id='word_1_194' title='bbox 1301 1718 1482 1771; x_wconf 72' lang='lat' dir='ltr'>trahas;</span> <span class='ocrx_word' id='word_1_195' title='bbox 1518 1733 1600 1761; x_wconf 87' lang='lat' dir='ltr'>nec</span> <span class='ocrx_word' id='word_1_196' title='bbox 1632 1730 1679 1762; x_wconf 92' lang='lat' dir='ltr'>tu</span> <span class='ocrx_word' id='word_1_197' title='bbox 1713 1730 1867 1762; x_wconf 90' lang='lat' dir='ltr'>tamen</span> <span class='ocrx_word' id='word_1_198' title='bbox 1903 1718 2077 1762; x_wconf 89' lang='lat' dir='ltr'>inlicita</span> 
     </span>
     <span class='ocr_line' id='line_1_22' title="bbox 295 1787 754 1846; baseline 0.004 -16"><span class='ocrx_word' id='word_1_199' title='bbox 295 1787 540 1831; x_wconf 83' lang='lat' dir='ltr'>adflectare</span> <span class='ocrx_word' id='word_1_200' title='bbox 566 1788 754 1846; x_wconf 62' lang='lat' dir='ltr'>pietate.</span> 
     </span>
    </p>

    <p class='ocr_par' dir='ltr' id='par_1_3' title="bbox 294 1866 2079 2068">
     <span class='ocr_line' id='line_1_23' title="bbox 447 1866 2079 1926; baseline 0.002 -17"><span class='ocrx_word' id='word_1_201' title='bbox 447 1880 497 1924; x_wconf 67' lang='grc' dir='ltr'>ῖς)</span> <span class='ocrx_word' id='word_1_202' title='bbox 532 1866 754 1909; x_wconf 84' lang='lat' dir='ltr'>Transito</span> <span class='ocrx_word' id='word_1_203' title='bbox 780 1866 929 1909; x_wconf 81' lang='lat' dir='ltr'>fluuio</span> <span class='ocrx_word' id='word_1_204' title='bbox 955 1866 1194 1910; x_wconf 88' lang='lat' dir='ltr'>modicum</span> <span class='ocrx_word' id='word_1_205' title='bbox 1229 1880 1269 1910; x_wconf 90' lang='lat' dir='ltr'>te</span> <span class='ocrx_word' id='word_1_206' title='bbox 1303 1882 1595 1926; x_wconf 82' lang='lat' dir='ltr'>progressam</span> <span class='ocrx_word' id='word_1_207' title='bbox 1630 1869 1840 1911; x_wconf 76' lang='lat' dir='ltr'>textrices</span> <span class='ocrx_word' id='word_1_208' title='bbox 1875 1869 2079 1912; x_wconf 88' lang='lat' dir='ltr'>orabunt</span> 
     </span>
     <span class='ocr_line' id='line_1_24' title="bbox 295 1937 2074 1997; baseline 0.002 -18"><span class='ocrx_word' id='word_1_209' title='bbox 295 1952 430 1991; x_wconf 68' lang='lat' dir='ltr'>anus,</span> <span class='ocrx_word' id='word_1_210' title='bbox 457 1937 597 1980; x_wconf 87' lang='lat' dir='ltr'>telam.</span> <span class='ocrx_word' id='word_1_211' title='bbox 624 1949 873 1992; x_wconf 76' lang='lat' dir='ltr'>struentes7</span> <span class='ocrx_word' id='word_1_212' title='bbox 895 1953 1066 1981; x_wconf 91' lang='lat' dir='ltr'>manus</span> <span class='ocrx_word' id='word_1_213' title='bbox 1092 1939 1332 1997; x_wconf 88' lang='lat' dir='ltr'>paulisper</span> <span class='ocrx_word' id='word_1_214' title='bbox 1356 1940 1712 1993; x_wconf 76' lang='lat' dir='ltr'>accommodes3</span> <span class='ocrx_word' id='word_1_215' title='bbox 1741 1954 1822 1982; x_wconf 89' lang='lat' dir='ltr'>nec</span> <span class='ocrx_word' id='word_1_216' title='bbox 1849 1940 1892 1983; x_wconf 93' lang='lat' dir='ltr'>id</span> <span class='ocrx_word' id='word_1_217' title='bbox 1920 1951 2074 1983; x_wconf 86' lang='lat' dir='ltr'>tamen</span> 
     </span>
     <span class='ocr_line' id='line_1_25' title="bbox 294 2008 2077 2068; baseline 0.002 -17"><span class='ocrx_word' id='word_1_218' title='bbox 294 2008 377 2051; x_wconf 90' lang='lat' dir='ltr'>tibi</span> <span class='ocrx_word' id='word_1_219' title='bbox 399 2009 670 2068; x_wconf 83' lang='lat' dir='ltr'>contingere</span> <span class='ocrx_word' id='word_1_220' title='bbox 691 2009 757 2052; x_wconf 87' lang='lat' dir='ltr'>fas</span> <span class='ocrx_word' id='word_1_221' title='bbox 777 2021 859 2052; x_wconf 88' lang='lat' dir='ltr'>est.</span> <span class='ocrx_word' id='word_1_222' title='bbox 885 2010 1007 2053; x_wconf 89' lang='lat' dir='ltr'>Nam</span> <span class='ocrx_word' id='word_1_223' title='bbox 1036 2012 1147 2053; x_wconf 88' lang='lat' dir='ltr'>haec</span> <span class='ocrx_word' id='word_1_224' title='bbox 1167 2011 1328 2053; x_wconf 87' lang='lat' dir='ltr'>omnia</span> <span class='ocrx_word' id='word_1_225' title='bbox 1353 2010 1435 2053; x_wconf 89' lang='lat' dir='ltr'>tibi</span> <span class='ocrx_word' id='word_1_226' title='bbox 1463 2022 1505 2053; x_wconf 90' lang='lat' dir='ltr'>et</span> <span class='ocrx_word' id='word_1_227' title='bbox 1528 2025 1572 2053; x_wconf 89' lang='lat' dir='ltr'>m</span> <span class='ocrx_word' id='word_1_228' title='bbox 1584 2012 1675 2053; x_wconf 90' lang='lat' dir='ltr'>ulta</span> <span class='ocrx_word' id='word_1_229' title='bbox 1697 2011 1785 2053; x_wconf 90' lang='lat' dir='ltr'>alia</span> <span class='ocrx_word' id='word_1_230' title='bbox 1805 2012 1860 2054; x_wconf 90' lang='lat' dir='ltr'>de</span> <span class='ocrx_word' id='word_1_231' title='bbox 1882 2011 2077 2054; x_wconf 84' lang='lat' dir='ltr'>Veneris</span> 
     </span>
    </p>
   </div>
   <div class='ocr_carea' id='block_1_3' title="bbox 296 2079 2140 2135">
    <p class='ocr_par' dir='ltr' id='par_1_4' title="bbox 296 2079 2140 2135">
     <span class='ocr_line' id='line_1_26' title="bbox 296 2079 2140 2135; baseline 0.002 -13"><span class='ocrx_word' id='word_1_232' title='bbox 296 2079 479 2123; x_wconf 89' lang='lat' dir='ltr'>insidiis</span> <span class='ocrx_word' id='word_1_233' title='bbox 517 2080 746 2135; x_wconf 70' lang='lat' dir='ltr'>orientur7</span> <span class='ocrx_word' id='word_1_234' title='bbox 781 2093 829 2124; x_wconf 89' lang='lat' dir='ltr'>ut</span> <span class='ocrx_word' id='word_1_235' title='bbox 869 2081 939 2124; x_wconf 89' lang='lat' dir='ltr'>uel</span> <span class='ocrx_word' id='word_1_236' title='bbox 980 2096 1123 2124; x_wconf 91' lang='lat' dir='ltr'>unam</span> <span class='ocrx_word' id='word_1_237' title='bbox 1162 2082 1216 2125; x_wconf 92' lang='lat' dir='ltr'>de</span> <span class='ocrx_word' id='word_1_238' title='bbox 1254 2081 1476 2124; x_wconf 87' lang='lat' dir='ltr'>manibus</span> <span class='ocrx_word' id='word_1_239' title='bbox 1513 2083 1702 2125; x_wconf 88' lang='lat' dir='ltr'>omittas</span> <span class='ocrx_word' id='word_1_240' title='bbox 1739 2082 1948 2125; x_wconf 86' lang='lat' dir='ltr'>offulam.</span> <span class='ocrx_word' id='word_1_241' title='bbox 1980 2083 2077 2126; x_wconf 89' lang='lat' dir='ltr'>Nec</span> <span class='ocrx_word' id='word_1_242' title='bbox 2120 2107 2140 2131; x_wconf 68' lang='lat'>·,</span> 
     </span>
    </p>
   </div>
   <div class='ocr_carea' id='block_1_4' title="bbox 293 2151 2076 3127">
    <p class='ocr_par' dir='ltr' id='par_1_5' title="bbox 293 2151 2076 3127">
     <span class='ocr_line' id='line_1_27' title="bbox 295 2151 2073 2211; baseline 0.001 -17"><span class='ocrx_word' id='word_1_243' title='bbox 295 2162 429 2209; x_wconf 91' lang='lat' dir='ltr'>putes</span> <span class='ocrx_word' id='word_1_244' title='bbox 460 2151 591 2195; x_wconf 90' lang='lat' dir='ltr'>futile</span> <span class='ocrx_word' id='word_1_245' title='bbox 618 2151 739 2195; x_wconf 86' lang='lat' dir='ltr'>istud</span> <span class='ocrx_word' id='word_1_246' title='bbox 771 2153 1089 2210; x_wconf 90' lang='lat' dir='ltr'>polentacium</span> <span class='ocrx_word' id='word_1_247' title='bbox 1123 2154 1354 2196; x_wconf 88' lang='lat' dir='ltr'>damnum</span> <span class='ocrx_word' id='word_1_248' title='bbox 1387 2153 1505 2196; x_wconf 90' lang='lat' dir='ltr'>leue.</span> <span class='ocrx_word' id='word_1_249' title='bbox 1534 2154 1690 2197; x_wconf 80' lang='lat' dir='ltr'>Altera</span> <span class='ocrx_word' id='word_1_250' title='bbox 1723 2153 1849 2196; x_wconf 91' lang='lat' dir='ltr'>enim</span> <span class='ocrx_word' id='word_1_251' title='bbox 1876 2153 2073 2211; x_wconf 50' lang='lat' dir='ltr'>perditaq</span> 
     </span>
     <span class='ocr_line' id='line_1_28' title="bbox 295 2222 2075 2283; baseline 0.001 -18"><span class='ocrx_word' id='word_1_252' title='bbox 295 2222 372 2266; x_wconf 80' lang='lat' dir='ltr'>lux</span> <span class='ocrx_word' id='word_1_253' title='bbox 393 2223 504 2266; x_wconf 91' lang='lat' dir='ltr'>haec</span> <span class='ocrx_word' id='word_1_254' title='bbox 524 2222 607 2266; x_wconf 89' lang='lat' dir='ltr'>tibi</span> <span class='ocrx_word' id='word_1_255' title='bbox 624 2238 817 2281; x_wconf 90' lang='lat' dir='ltr'>prorsus</span> <span class='ocrx_word' id='word_1_256' title='bbox 837 2224 1162 2282; x_wconf 82' lang='lat' dir='ltr'>denegabitur.</span> <span class='ocrx_word' id='word_1_257' title='bbox 1181 2224 1326 2269; x_wconf 85' lang='lat' dir='ltr'>Canis</span> <span class='ocrx_word' id='word_1_258' title='bbox 1348 2240 1552 2282; x_wconf 87' lang='lat' dir='ltr'>namque</span> <span class='ocrx_word' id='word_1_259' title='bbox 1570 2224 1875 2283; x_wconf 89' lang='lat' dir='ltr'>praegrandis</span> <span class='ocrx_word' id='word_1_260' title='bbox 1895 2225 2075 2283; x_wconf 91' lang='lat' dir='ltr'>teriugo</span> 
     </span>
     <span class='ocr_line' id='line_1_29' title="bbox 294 2293 2076 2353; baseline 0.002 -17"><span class='ocrx_word' id='word_1_261' title='bbox 294 2305 337 2337; x_wconf 91' lang='lat' dir='ltr'>et</span> <span class='ocrx_word' id='word_1_262' title='bbox 361 2293 471 2336; x_wconf 88' lang='lat' dir='ltr'>satis</span> <span class='ocrx_word' id='word_1_263' title='bbox 496 2295 656 2352; x_wconf 87' lang='lat' dir='ltr'>amplo</span> <span class='ocrx_word' id='word_1_264' title='bbox 681 2294 830 2352; x_wconf 89' lang='lat' dir='ltr'>capite</span> <span class='ocrx_word' id='word_1_265' title='bbox 857 2295 1112 2353; x_wconf 72' lang='lat' dir='ltr'>praeditus7</span> <span class='ocrx_word' id='word_1_266' title='bbox 1138 2295 1363 2339; x_wconf 89' lang='lat' dir='ltr'>immanis</span> <span class='ocrx_word' id='word_1_267' title='bbox 1385 2308 1426 2339; x_wconf 92' lang='lat' dir='ltr'>et</span> <span class='ocrx_word' id='word_1_268' title='bbox 1450 2296 1782 2348; x_wconf 70' lang='lat' dir='ltr'>formidabilis„</span> <span class='ocrx_word' id='word_1_269' title='bbox 1804 2296 2076 2339; x_wconf 88' lang='lat' dir='ltr'>tonantibus</span> 
     </span>
     <span class='ocr_line' id='line_1_30' title="bbox 294 2365 2072 2425; baseline 0.001 -17"><span class='ocrx_word' id='word_1_270' title='bbox 294 2365 533 2408; x_wconf 85' lang='lat' dir='ltr'>oblatrans</span> <span class='ocrx_word' id='word_1_271' title='bbox 572 2365 806 2419; x_wconf 64' lang='lat' dir='ltr'>faucibus7</span> <span class='ocrx_word' id='word_1_272' title='bbox 848 2378 1078 2421; x_wconf 77' lang='lat' dir='ltr'>mortuos,</span> <span class='ocrx_word' id='word_1_273' title='bbox 1121 2367 1295 2425; x_wconf 87' lang='lat' dir='ltr'>quibus</span> <span class='ocrx_word' id='word_1_274' title='bbox 1336 2368 1426 2411; x_wconf 88' lang='lat' dir='ltr'>iam</span> <span class='ocrx_word' id='word_1_275' title='bbox 1471 2368 1534 2411; x_wconf 90' lang='lat' dir='ltr'>nil</span> <span class='ocrx_word' id='word_1_276' title='bbox 1577 2368 1685 2410; x_wconf 90' lang='lat' dir='ltr'>mali</span> <span class='ocrx_word' id='word_1_277' title='bbox 1721 2380 1872 2425; x_wconf 91' lang='lat' dir='ltr'>potest</span> <span class='ocrx_word' id='word_1_278' title='bbox 1908 2367 2072 2420; x_wconf 55' lang='lat' dir='ltr'>facere‚</span> 
     </span>
     <span class='ocr_line' id='line_1_31' title="bbox 294 2436 2076 2499; baseline 0.001 -20"><span class='ocrx_word' id='word_1_279' title='bbox 294 2436 464 2480; x_wconf 88' lang='lat' dir='ltr'>frustra</span> <span class='ocrx_word' id='word_1_280' title='bbox 478 2437 751 2491; x_wconf 67' lang='lat' dir='ltr'>territando,</span> <span class='ocrx_word' id='word_1_281' title='bbox 774 2451 879 2480; x_wconf 84' lang='lat' dir='ltr'>ante</span> <span class='ocrx_word' id='word_1_282' title='bbox 900 2437 1053 2496; x_wconf 88' lang='lat' dir='ltr'>ipsum</span> <span class='ocrx_word' id='word_1_283' title='bbox 1076 2438 1219 2482; x_wconf 91' lang='lat' dir='ltr'>limen</span> <span class='ocrx_word' id='word_1_284' title='bbox 1242 2451 1284 2482; x_wconf 89' lang='lat' dir='ltr'>et</span> <span class='ocrx_word' id='word_1_285' title='bbox 1304 2451 1399 2483; x_wconf 84' lang='lat' dir='ltr'>atra</span> <span class='ocrx_word' id='word_1_286' title='bbox 1421 2439 1533 2499; x_wconf 75' lang='lat' dir='ltr'>atria</span> <span class='ocrx_word' id='word_1_287' title='bbox 1556 2438 1868 2497; x_wconf 83' lang='lat' dir='ltr'>Proserpinae</span> <span class='ocrx_word' id='word_1_288' title='bbox 1890 2454 2076 2497; x_wconf 81' lang='lat' dir='ltr'>semper</span> 
     </span>
     <span class='ocr_line' id='line_1_32' title="bbox 294 2507 2074 2562; baseline 0.002 -11"><span class='ocrx_word' id='word_1_289' title='bbox 294 2507 546 2562; x_wconf 72' lang='lat' dir='ltr'>excubans,</span> <span class='ocrx_word' id='word_1_290' title='bbox 585 2520 740 2552; x_wconf 87' lang='lat' dir='ltr'>seruat</span> <span class='ocrx_word' id='word_1_291' title='bbox 778 2523 979 2552; x_wconf 89' lang='lat' dir='ltr'>uacuam</span> <span class='ocrx_word' id='word_1_292' title='bbox 1022 2509 1142 2553; x_wconf 90' lang='lat' dir='ltr'>Ditis</span> <span class='ocrx_word' id='word_1_293' title='bbox 1182 2511 1398 2554; x_wconf 89' lang='lat' dir='ltr'>domum.</span> <span class='ocrx_word' id='word_1_294' title='bbox 1430 2512 1572 2554; x_wconf 91' lang='lat' dir='ltr'>Hunc</span> <span class='ocrx_word' id='word_1_295' title='bbox 1608 2510 1886 2554; x_wconf 89' lang='lat' dir='ltr'>offrenatum</span> <span class='ocrx_word' id='word_1_296' title='bbox 1932 2511 2074 2554; x_wconf 86' lang='lat' dir='ltr'>unius</span> 
     </span>
     <span class='ocr_line' id='line_1_33' title="bbox 294 2579 2069 2640; baseline 0.001 -18"><span class='ocrx_word' id='word_1_297' title='bbox 294 2579 463 2623; x_wconf 83' lang='lat' dir='ltr'>offulae</span> <span class='ocrx_word' id='word_1_298' title='bbox 489 2581 661 2638; x_wconf 87' lang='lat' dir='ltr'>praeda</span> <span class='ocrx_word' id='word_1_299' title='bbox 686 2579 817 2623; x_wconf 84' lang='lat' dir='ltr'>facile</span> <span class='ocrx_word' id='word_1_300' title='bbox 844 2580 1118 2638; x_wconf 90' lang='lat' dir='ltr'>praeteribis</span> <span class='ocrx_word' id='word_1_301' title='bbox 1143 2582 1199 2625; x_wconf 91' lang='lat' dir='ltr'>ad</span> <span class='ocrx_word' id='word_1_302' title='bbox 1220 2582 1468 2640; x_wconf 89' lang='lat' dir='ltr'>ipsamque</span> <span class='ocrx_word' id='word_1_303' title='bbox 1492 2582 1710 2640; x_wconf 85' lang='lat' dir='ltr'>protinus</span> <span class='ocrx_word' id='word_1_304' title='bbox 1737 2582 2069 2640; x_wconf 88' lang='lat' dir='ltr'>Proserpinam</span> 
     </span>
     <span class='ocr_line' id='line_1_34' title="bbox 295 2650 2072 2712; baseline 0.002 -19"><span class='ocrx_word' id='word_1_305' title='bbox 295 2650 529 2705; x_wconf 68' lang='lat' dir='ltr'>introibis,</span> <span class='ocrx_word' id='word_1_306' title='bbox 552 2666 671 2709; x_wconf 88' lang='lat' dir='ltr'>quae</span> <span class='ocrx_word' id='word_1_307' title='bbox 697 2663 737 2694; x_wconf 87' lang='lat' dir='ltr'>te</span> <span class='ocrx_word' id='word_1_308' title='bbox 764 2651 960 2695; x_wconf 91' lang='lat' dir='ltr'>comiter</span> <span class='ocrx_word' id='word_1_309' title='bbox 979 2652 1176 2711; x_wconf 85' lang='lat' dir='ltr'>excipiet</span> <span class='ocrx_word' id='word_1_310' title='bbox 1196 2668 1245 2696; x_wconf 91' lang='lat' dir='ltr'>ac</span> <span class='ocrx_word' id='word_1_311' title='bbox 1266 2653 1487 2712; x_wconf 62' lang='lat' dir='ltr'>benigne7</span> <span class='ocrx_word' id='word_1_312' title='bbox 1510 2665 1620 2697; x_wconf 89' lang='lat' dir='ltr'>utet</span> <span class='ocrx_word' id='word_1_313' title='bbox 1642 2653 1846 2696; x_wconf 86' lang='lat' dir='ltr'>molliter</span> <span class='ocrx_word' id='word_1_314' title='bbox 1871 2653 2072 2696; x_wconf 87' lang='lat' dir='ltr'>assidere</span> 
     </span>
     <span class='ocr_line' id='line_1_35' title="bbox 294 2722 2074 2781; baseline 0.002 -17"><span class='ocrx_word' id='word_1_315' title='bbox 294 2734 335 2765; x_wconf 91' lang='lat' dir='ltr'>et</span> <span class='ocrx_word' id='word_1_316' title='bbox 365 2722 616 2780; x_wconf 87' lang='lat' dir='ltr'>prandium</span> <span class='ocrx_word' id='word_1_317' title='bbox 657 2724 851 2781; x_wconf 89' lang='lat' dir='ltr'>opipare</span> <span class='ocrx_word' id='word_1_318' title='bbox 889 2725 1083 2767; x_wconf 86' lang='lat' dir='ltr'>suadeat</span> <span class='ocrx_word' id='word_1_319' title='bbox 1118 2740 1321 2768; x_wconf 90' lang='lat' dir='ltr'>sumere.</span> <span class='ocrx_word' id='word_1_320' title='bbox 1366 2725 1458 2771; x_wconf 86' lang='lat' dir='ltr'>Sed</span> <span class='ocrx_word' id='word_1_321' title='bbox 1500 2737 1547 2768; x_wconf 92' lang='lat' dir='ltr'>tu</span> <span class='ocrx_word' id='word_1_322' title='bbox 1589 2738 1631 2768; x_wconf 92' lang='lat' dir='ltr'>et</span> <span class='ocrx_word' id='word_1_323' title='bbox 1669 2725 1798 2768; x_wconf 88' lang='lat' dir='ltr'>humi</span> <span class='ocrx_word' id='word_1_324' title='bbox 1842 2724 1992 2768; x_wconf 85' lang='lat' dir='ltr'>reside</span> <span class='ocrx_word' id='word_1_325' title='bbox 2032 2736 2074 2768; x_wconf 90' lang='lat' dir='ltr'>et</span> 
     </span>
     <span class='ocr_line' id='line_1_36' title="bbox 294 2793 2072 2854; baseline 0.002 -18"><span class='ocrx_word' id='word_1_326' title='bbox 294 2808 464 2852; x_wconf 88' lang='lat' dir='ltr'>panem</span> <span class='ocrx_word' id='word_1_327' title='bbox 506 2793 748 2837; x_wconf 87' lang='lat' dir='ltr'>sordidum</span> <span class='ocrx_word' id='word_1_328' title='bbox 794 2794 988 2852; x_wconf 86' lang='lat' dir='ltr'>petitum</span> <span class='ocrx_word' id='word_1_329' title='bbox 1032 2808 1146 2849; x_wconf 65' lang='lat' dir='ltr'>esto,</span> <span class='ocrx_word' id='word_1_330' title='bbox 1188 2796 1355 2840; x_wconf 89' lang='lat' dir='ltr'>deinde</span> <span class='ocrx_word' id='word_1_331' title='bbox 1394 2797 1627 2851; x_wconf 70' lang='lat' dir='ltr'>nuntiato7</span> <span class='ocrx_word' id='word_1_332' title='bbox 1669 2796 1783 2854; x_wconf 86' lang='lat' dir='ltr'>quid</span> <span class='ocrx_word' id='word_1_333' title='bbox 1823 2796 2072 2839; x_wconf 81' lang='lat' dir='ltr'>adueneris</span> 
     </span>
     <span class='ocr_line' id='line_1_37' title="bbox 293 2865 2071 2923; baseline 0.001 -15"><span class='ocrx_word' id='word_1_334' title='bbox 293 2876 605 2923; x_wconf 86' lang='lat' dir='ltr'>susceptoque</span> <span class='ocrx_word' id='word_1_335' title='bbox 630 2866 757 2922; x_wconf 87' lang='lat' dir='ltr'>quod</span> <span class='ocrx_word' id='word_1_336' title='bbox 788 2865 1008 2909; x_wconf 82' lang='lat' dir='ltr'>offeretur</span> <span class='ocrx_word' id='word_1_337' title='bbox 1042 2881 1205 2910; x_wconf 89' lang='lat' dir='ltr'>rursus</span> <span class='ocrx_word' id='word_1_338' title='bbox 1240 2883 1454 2911; x_wconf 88' lang='lat' dir='ltr'>remeans</span> <span class='ocrx_word' id='word_1_339' title='bbox 1489 2868 1616 2912; x_wconf 89' lang='lat' dir='ltr'>canis</span> <span class='ocrx_word' id='word_1_340' title='bbox 1652 2868 1893 2911; x_wconf 88' lang='lat' dir='ltr'>saeuitiem</span> <span class='ocrx_word' id='word_1_341' title='bbox 1931 2867 2071 2911; x_wconf 86' lang='lat' dir='ltr'>offula</span> 
     </span>
     <span class='ocr_line' id='line_1_38' title="bbox 294 2936 2071 2997; baseline 0.002 -18"><span class='ocrx_word' id='word_1_342' title='bbox 294 2936 472 2995; x_wconf 86' lang='lat' dir='ltr'>reliqua</span> <span class='ocrx_word' id='word_1_343' title='bbox 508 2937 703 2991; x_wconf 69' lang='lat' dir='ltr'>redime,</span> <span class='ocrx_word' id='word_1_344' title='bbox 731 2953 781 2980; x_wconf 90' lang='lat' dir='ltr'>ac</span> <span class='ocrx_word' id='word_1_345' title='bbox 813 2937 982 2981; x_wconf 88' lang='lat' dir='ltr'>deinde</span> <span class='ocrx_word' id='word_1_346' title='bbox 1020 2953 1162 2981; x_wconf 87' lang='lat' dir='ltr'>auaro</span> <span class='ocrx_word' id='word_1_347' title='bbox 1201 2939 1386 2983; x_wconf 83' lang='lat' dir='ltr'>nauitae</span> <span class='ocrx_word' id='word_1_348' title='bbox 1424 2941 1529 2983; x_wconf 91' lang='lat' dir='ltr'>data</span> <span class='ocrx_word' id='word_1_349' title='bbox 1564 2954 1704 2997; x_wconf 90' lang='lat' dir='ltr'>quam</span> <span class='ocrx_word' id='word_1_350' title='bbox 1746 2954 2071 2982; x_wconf 88' lang='lat' dir='ltr'>reseruaueras</span> 
     </span>
     <span class='ocr_line' id='line_1_39' title="bbox 293 3008 2066 3068; baseline 0.001 -17"><span class='ocrx_word' id='word_1_351' title='bbox 293 3008 410 3066; x_wconf 89' lang='lat' dir='ltr'>stipe</span> <span class='ocrx_word' id='word_1_352' title='bbox 455 3008 745 3066; x_wconf 84' lang='lat' dir='ltr'>transitoque</span> <span class='ocrx_word' id='word_1_353' title='bbox 786 3008 886 3052; x_wconf 88' lang='lat' dir='ltr'>eius</span> <span class='ocrx_word' id='word_1_354' title='bbox 930 3009 1078 3052; x_wconf 80' lang='lat' dir='ltr'>lluuio</span> <span class='ocrx_word' id='word_1_355' title='bbox 1119 3010 1351 3053; x_wconf 89' lang='lat' dir='ltr'>recalcans</span> <span class='ocrx_word' id='word_1_356' title='bbox 1396 3011 1553 3068; x_wconf 85' lang='lat' dir='ltr'>priora</span> <span class='ocrx_word' id='word_1_357' title='bbox 1595 3010 1789 3068; x_wconf 82' lang='lat' dir='ltr'>uestigia</span> <span class='ocrx_word' id='word_1_358' title='bbox 1829 3011 1884 3053; x_wconf 89' lang='lat' dir='ltr'>ad</span> <span class='ocrx_word' id='word_1_359' title='bbox 1928 3009 2066 3053; x_wconf 86' lang='lat' dir='ltr'>istum</span> 
     </span>
     <span class='ocr_line' id='line_1_40' title="bbox 293 3078 2069 3127; baseline 0 -3"><span class='ocrx_word' id='word_1_360' title='bbox 293 3078 562 3124; x_wconf 87' lang='lat' dir='ltr'>caelestium</span> <span class='ocrx_word' id='word_1_361' title='bbox 589 3079 794 3124; x_wconf 88' lang='lat' dir='ltr'>siderum</span> <span class='ocrx_word' id='word_1_362' title='bbox 830 3080 978 3124; x_wconf 90' lang='lat' dir='ltr'>redies</span> <span class='ocrx_word' id='word_1_363' title='bbox 1008 3081 1223 3124; x_wconf 88' lang='lat' dir='ltr'>chorum.</span> <span class='ocrx_word' id='word_1_364' title='bbox 1253 3081 1346 3127; x_wconf 86' lang='lat' dir='ltr'>Sed</span> <span class='ocrx_word' id='word_1_365' title='bbox 1372 3082 1491 3126; x_wconf 90' lang='lat' dir='ltr'>inter</span> <span class='ocrx_word' id='word_1_366' title='bbox 1514 3083 1674 3125; x_wconf 80' lang='lat' dir='ltr'>onmia</span> <span class='ocrx_word' id='word_1_367' title='bbox 1700 3082 1786 3124; x_wconf 90' lang='lat' dir='ltr'>hoc</span> <span class='ocrx_word' id='word_1_368' title='bbox 1812 3082 2069 3126; x_wconf 83' lang='lat' dir='ltr'>obseruan-</span> 
     </span>
    </p>
   </div>
   <div class='ocr_carea' id='block_1_5' title="bbox 2129 1012 2183 1050">
    <p class='ocr_par' dir='ltr' id='par_1_6' title="bbox 2129 1012 2183 1050">
     <span class='ocr_line' id='line_1_41' title="bbox 2129 1012 2183 1050; baseline -0.056 0"><span class='ocrx_word' id='word_1_369' title='bbox 2129 1012 2183 1050; x_wconf 62' lang='grc' dir='ltr'>[ω’</span> 
     </span>
    </p>
   </div>
   <div class='ocr_carea' id='block_1_6' title="bbox 2129 1369 2174 1410">
    <p class='ocr_par' dir='ltr' id='par_1_7' title="bbox 2129 1369 2174 1410">
     <span class='ocr_line' id='line_1_42' title="bbox 2129 1369 2174 1410; baseline 0 0"><span class='ocrx_word' id='word_1_370' title='bbox 2129 1384 2134 1410; x_wconf 87' lang='grc' dir='ltr'>ι</span> <span class='ocrx_word' id='word_1_371' title='bbox 2154 1369 2174 1410; x_wconf 72' lang='lat'><strong>5</strong></span> 
     </span>
    </p>
   </div>
   <div class='ocr_carea' id='block_1_7' title="bbox 2117 2447 2172 2490">
    <p class='ocr_par' dir='ltr' id='par_1_8' title="bbox 2117 2447 2172 2490">
     <span class='ocr_line' id='line_1_43' title="bbox 2117 2447 2172 2490; baseline -0.091 0"><span class='ocrx_word' id='word_1_372' title='bbox 2117 2447 2172 2490; x_wconf 62' lang='lat'>30</span> 
     </span>
    </p>
   </div>
   <div class='ocr_carea' id='block_1_8' title="bbox 2115 2806 2167 2849">
    <p class='ocr_par' dir='ltr' id='par_1_9' title="bbox 2115 2806 2167 2849">
     <span class='ocr_line' id='line_1_44' title="bbox 2115 2806 2167 2849; baseline 0 0"><span class='ocrx_word' id='word_1_373' title='bbox 2115 2806 2167 2849; x_wconf 73' lang='lat'>35</span> 
     </span>
    </p>
   </div>
  </div>
 </body>
</html>
