<?xml version="1.0" encoding="UTF-8"?>
<!DOCTYPE html PUBLIC "-//W3C//DTD XHTML 1.0 Transitional//EN"
    "http://www.w3.org/TR/xhtml1/DTD/xhtml1-transitional.dtd">
<html xmlns="http://www.w3.org/1999/xhtml" xml:lang="en" lang="en">
 <head>
  <title>
</title>
<meta http-equiv="Content-Type" content="text/html;charset=utf-8" />
  <meta name='ocr-system' content='tesseract 3.04.00' />
  <meta name='ocr-capabilities' content='ocr_page ocr_carea ocr_par ocr_line ocrx_word'/>
</head>
<body>
  <div class='ocr_page' id='page_1' title='image "./depsycheetcupidi00apuluoft_0013.png"; bbox 0 0 2410 3487; ppageno 0'>
   <div class='ocr_carea' id='block_1_1' title="bbox 1046 706 1318 761">
    <p class='ocr_par' dir='ltr' id='par_1_1' title="bbox 1046 706 1318 761">
     <span class='ocr_line' id='line_1_1' title="bbox 1046 706 1318 761; baseline -0.007 0"><span class='ocrx_word' id='word_1_1' title='bbox 1046 706 1318 761; x_wconf 76' lang='lat' dir='ltr'>APULEI</span> 
     </span>
    </p>
   </div>
   <div class='ocr_carea' id='block_1_2' title="bbox 661 950 1714 1026">
    <p class='ocr_par' dir='ltr' id='par_1_2' title="bbox 661 950 1714 1026">
     <span class='ocr_line' id='line_1_2' title="bbox 661 950 1714 1026; baseline -0.005 0"><span class='ocrx_word' id='word_1_2' title='bbox 661 953 1048 1026; x_wconf 78' lang='lat' dir='ltr'>PSYCHE</span> <span class='ocrx_word' id='word_1_3' title='bbox 1119 952 1234 1023; x_wconf 81' lang='grc' dir='ltr'>ΕΤ</span> <span class='ocrx_word' id='word_1_4' title='bbox 1296 950 1714 1021; x_wconf 79' lang='lat' dir='ltr'>CUPIDO</span> 
     </span>
    </p>
   </div>
   <div class='ocr_carea' id='block_1_3' title="bbox 263 1359 2089 2702">
    <p class='ocr_par' dir='ltr' id='par_1_3' title="bbox 302 1359 2086 2489">
     <span class='ocr_line' id='line_1_3' title="bbox 422 1359 2079 1420; baseline -0.005 -11"><span class='ocrx_word' id='word_1_5' title='bbox 422 1367 535 1409; x_wconf 80' lang='lat' dir='ltr'>Met.</span> <span class='ocrx_word' id='word_1_6' title='bbox 566 1366 629 1408; x_wconf 76' lang='lat' dir='ltr'>IV</span> <span class='ocrx_word' id='word_1_7' title='bbox 657 1365 712 1408; x_wconf 77' lang='lat'>28</span> <span class='ocrx_word' id='word_1_8' title='bbox 745 1365 889 1408; x_wconf 81' lang='lat' dir='ltr'>Erant</span> <span class='ocrx_word' id='word_1_9' title='bbox 929 1364 972 1407; x_wconf 93' lang='lat' dir='ltr'>in</span> <span class='ocrx_word' id='word_1_10' title='bbox 1015 1363 1216 1420; x_wconf 86' lang='lat' dir='ltr'>quadam</span> <span class='ocrx_word' id='word_1_11' title='bbox 1257 1361 1444 1405; x_wconf 89' lang='lat' dir='ltr'>ciuitate</span> <span class='ocrx_word' id='word_1_12' title='bbox 1487 1376 1562 1404; x_wconf 78' lang='lat' dir='ltr'>rex</span> <span class='ocrx_word' id='word_1_13' title='bbox 1602 1372 1644 1403; x_wconf 93' lang='lat' dir='ltr'>et</span> <span class='ocrx_word' id='word_1_14' title='bbox 1681 1359 1864 1419; x_wconf 67' lang='lat' dir='ltr'>regina3</span> <span class='ocrx_word' id='word_1_15' title='bbox 1904 1359 1951 1402; x_wconf 78' lang='lat' dir='ltr'>hi</span> <span class='ocrx_word' id='word_1_16' title='bbox 1989 1371 2079 1402; x_wconf 90' lang='lat' dir='ltr'>tres</span> 
     </span>
     <span class='ocr_line' id='line_1_4' title="bbox 302 1421 2077 1492; baseline -0.005 -12"><span class='ocrx_word' id='word_1_17' title='bbox 302 1452 500 1481; x_wconf 89' lang='lat' dir='ltr'>numero</span> <span class='ocrx_word' id='word_1_18' title='bbox 528 1436 646 1479; x_wconf 87' lang='lat' dir='ltr'>filias</span> <span class='ocrx_word' id='word_1_19' title='bbox 671 1435 818 1479; x_wconf 90' lang='lat' dir='ltr'>forma</span> <span class='ocrx_word' id='word_1_20' title='bbox 843 1434 1121 1492; x_wconf 87' lang='lat' dir='ltr'>conspicuas</span> <span class='ocrx_word' id='word_1_21' title='bbox 1147 1421 1368 1476; x_wconf 82' lang='lat' dir='ltr'>habuere.</span> <span class='ocrx_word' id='word_1_22' title='bbox 1393 1432 1484 1477; x_wconf 82' lang='lat' dir='ltr'>Sed</span> <span class='ocrx_word' id='word_1_23' title='bbox 1506 1431 1706 1475; x_wconf 89' lang='lat' dir='ltr'>maiores</span> <span class='ocrx_word' id='word_1_24' title='bbox 1731 1430 1922 1488; x_wconf 87' lang='lat' dir='ltr'>quidem</span> <span class='ocrx_word' id='word_1_25' title='bbox 1950 1442 2077 1480; x_wconf 66' lang='lat' dir='ltr'>natu„</span> 
     </span>
     <span class='ocr_line' id='line_1_5' title="bbox 302 1501 2080 1566; baseline -0.004 -15"><span class='ocrx_word' id='word_1_26' title='bbox 302 1508 522 1566; x_wconf 89' lang='lat' dir='ltr'>quamuis</span> <span class='ocrx_word' id='word_1_27' title='bbox 553 1507 816 1566; x_wconf 81' lang='lat' dir='ltr'>gratissima</span> <span class='ocrx_word' id='word_1_28' title='bbox 848 1506 1017 1564; x_wconf 64' lang='lat' dir='ltr'>specie„</span> <span class='ocrx_word' id='word_1_29' title='bbox 1051 1506 1216 1548; x_wconf 92' lang='lat' dir='ltr'>idonee</span> <span class='ocrx_word' id='word_1_30' title='bbox 1246 1516 1401 1547; x_wconf 80' lang='lat' dir='ltr'>tamen</span> <span class='ocrx_word' id='word_1_31' title='bbox 1436 1502 1657 1546; x_wconf 87' lang='lat' dir='ltr'>celebrari</span> <span class='ocrx_word' id='word_1_32' title='bbox 1693 1517 1827 1560; x_wconf 85' lang='lat' dir='ltr'>posse</span> <span class='ocrx_word' id='word_1_33' title='bbox 1861 1501 2080 1544; x_wconf 89' lang='lat' dir='ltr'>laudibus</span> 
     </span>
     <span class='ocr_line' id='line_1_6' title="bbox 304 1573 2077 1634; baseline -0.005 -11"><span class='ocrx_word' id='word_1_34' title='bbox 304 1579 525 1623; x_wconf 84' lang='lat' dir='ltr'>humanis</span> <span class='ocrx_word' id='word_1_35' title='bbox 549 1578 886 1630; x_wconf 60' lang='lat' dir='ltr'>credebanturg</span> <span class='ocrx_word' id='word_1_36' title='bbox 923 1588 966 1620; x_wconf 93' lang='lat' dir='ltr'>at</span> <span class='ocrx_word' id='word_1_37' title='bbox 991 1591 1102 1620; x_wconf 90' lang='lat' dir='ltr'>uero</span> <span class='ocrx_word' id='word_1_38' title='bbox 1128 1576 1309 1634; x_wconf 91' lang='lat' dir='ltr'>puellae</span> <span class='ocrx_word' id='word_1_39' title='bbox 1347 1574 1546 1618; x_wconf 87' lang='lat' dir='ltr'>iunioris</span> <span class='ocrx_word' id='word_1_40' title='bbox 1571 1586 1662 1617; x_wconf 86' lang='lat' dir='ltr'>tam</span> <span class='ocrx_word' id='word_1_41' title='bbox 1692 1573 1958 1631; x_wconf 66' lang='lat' dir='ltr'>praecipua„</span> <span class='ocrx_word' id='word_1_42' title='bbox 1987 1584 2077 1615; x_wconf 89' lang='lat' dir='ltr'>tam</span> 
     </span>
     <span class='ocr_line' id='line_1_7' title="bbox 305 1643 2077 1708; baseline -0.005 -14"><span class='ocrx_word' id='word_1_43' title='bbox 305 1650 539 1708; x_wconf 87' lang='lat' dir='ltr'>praeclara</span> <span class='ocrx_word' id='word_1_44' title='bbox 581 1649 882 1707; x_wconf 73' lang='lat' dir='ltr'>pulchritudo</span> <span class='ocrx_word' id='word_1_45' title='bbox 925 1675 981 1679; x_wconf 90' lang='lat'><strong>—</strong></span> <span class='ocrx_word' id='word_1_46' title='bbox 1024 1663 1105 1691; x_wconf 92' lang='lat' dir='ltr'>nec</span> <span class='ocrx_word' id='word_1_47' title='bbox 1144 1646 1341 1705; x_wconf 79' lang='lat' dir='ltr'>exprimi</span> <span class='ocrx_word' id='word_1_48' title='bbox 1383 1661 1432 1688; x_wconf 85' lang='lat' dir='ltr'>ac</span> <span class='ocrx_word' id='word_1_49' title='bbox 1474 1660 1529 1688; x_wconf 91' lang='lat' dir='ltr'>ne</span> <span class='ocrx_word' id='word_1_50' title='bbox 1572 1644 1852 1687; x_wconf 84' lang='lat' dir='ltr'>sufficienter</span> <span class='ocrx_word' id='word_1_51' title='bbox 1888 1643 2077 1701; x_wconf 87' lang='lat' dir='ltr'>quidem</span> 
     </span>
     <span class='ocr_line' id='line_1_8' title="bbox 305 1715 2082 1776; baseline -0.005 -12"><span class='ocrx_word' id='word_1_52' title='bbox 305 1721 483 1764; x_wconf 88' lang='lat' dir='ltr'>laudari</span> <span class='ocrx_word' id='word_1_53' title='bbox 502 1720 734 1763; x_wconf 87' lang='lat' dir='ltr'>sermonis</span> <span class='ocrx_word' id='word_1_54' title='bbox 760 1719 954 1762; x_wconf 80' lang='lat' dir='ltr'>humani</span> <span class='ocrx_word' id='word_1_55' title='bbox 987 1718 1182 1776; x_wconf 91' lang='lat' dir='ltr'>penuria</span> <span class='ocrx_word' id='word_1_56' title='bbox 1221 1729 1415 1776; x_wconf 84' lang='lat' dir='ltr'>poterat.</span> <span class='ocrx_word' id='word_1_57' title='bbox 1445 1716 1582 1760; x_wconf 79' lang='lat' dir='ltr'>Multi</span> <span class='ocrx_word' id='word_1_58' title='bbox 1609 1716 1812 1773; x_wconf 80' lang='lat' dir='ltr'>denique</span> <span class='ocrx_word' id='word_1_59' title='bbox 1838 1715 2012 1758; x_wconf 89' lang='lat' dir='ltr'>ciuium</span> <span class='ocrx_word' id='word_1_60' title='bbox 2040 1727 2082 1756; x_wconf 90' lang='lat' dir='ltr'>et</span> 
     </span>
     <span class='ocr_line' id='line_1_9' title="bbox 305 1785 2082 1848; baseline -0.004 -13"><span class='ocrx_word' id='word_1_61' title='bbox 305 1793 513 1836; x_wconf 92' lang='lat' dir='ltr'>aduenae</span> <span class='ocrx_word' id='word_1_62' title='bbox 538 1791 733 1848; x_wconf 68' lang='lat' dir='ltr'>copiosi,</span> <span class='ocrx_word' id='word_1_63' title='bbox 765 1805 883 1848; x_wconf 86' lang='lat' dir='ltr'>quos</span> <span class='ocrx_word' id='word_1_64' title='bbox 908 1790 1064 1833; x_wconf 82' lang='lat' dir='ltr'>eximii</span> <span class='ocrx_word' id='word_1_65' title='bbox 1096 1789 1344 1847; x_wconf 71' lang='lat' dir='ltr'>spectaculi</span> <span class='ocrx_word' id='word_1_66' title='bbox 1380 1803 1541 1832; x_wconf 89' lang='lat' dir='ltr'>rumor</span> <span class='ocrx_word' id='word_1_67' title='bbox 1577 1787 1785 1830; x_wconf 86' lang='lat' dir='ltr'>studiosa</span> <span class='ocrx_word' id='word_1_68' title='bbox 1819 1785 2082 1829; x_wconf 79' lang='lat' dir='ltr'>celebritate</span> 
     </span>
     <span class='ocr_line' id='line_1_10' title="bbox 306 1857 2082 1921; baseline -0.003 -16"><span class='ocrx_word' id='word_1_69' title='bbox 306 1862 637 1921; x_wconf 71' lang='lat' dir='ltr'>congregabat,</span> <span class='ocrx_word' id='word_1_70' title='bbox 663 1862 922 1905; x_wconf 75' lang='lat' dir='ltr'>inaccessae</span> <span class='ocrx_word' id='word_1_71' title='bbox 948 1861 1285 1904; x_wconf 88' lang='lat' dir='ltr'>formonsitatis</span> <span class='ocrx_word' id='word_1_72' title='bbox 1310 1859 1619 1903; x_wconf 74' lang='lat' dir='ltr'>admiratione</span> <span class='ocrx_word' id='word_1_73' title='bbox 1654 1858 1824 1916; x_wconf 78' lang='lat' dir='ltr'>stupidi</span> <span class='ocrx_word' id='word_1_74' title='bbox 1854 1869 1897 1900; x_wconf 90' lang='lat' dir='ltr'>et</span> <span class='ocrx_word' id='word_1_75' title='bbox 1927 1857 2082 1900; x_wconf 87' lang='lat' dir='ltr'>admo-</span> 
     </span>
     <span class='ocr_line' id='line_1_11' title="bbox 309 1928 2082 1990; baseline -0.003 -14"><span class='ocrx_word' id='word_1_76' title='bbox 309 1946 471 1977; x_wconf 88' lang='lat' dir='ltr'>uentes</span> <span class='ocrx_word' id='word_1_77' title='bbox 498 1932 662 1976; x_wconf 86' lang='lat' dir='ltr'>oribus</span> <span class='ocrx_word' id='word_1_78' title='bbox 699 1933 795 1976; x_wconf 85' lang='lat' dir='ltr'>suis</span> <span class='ocrx_word' id='word_1_79' title='bbox 829 1934 1082 1985; x_wconf 64' lang='lat' dir='ltr'>dexteram,</span> <span class='ocrx_word' id='word_1_80' title='bbox 1110 1933 1315 1990; x_wconf 90' lang='lat' dir='ltr'>primore</span> <span class='ocrx_word' id='word_1_81' title='bbox 1355 1931 1501 1990; x_wconf 79' lang='lat' dir='ltr'>digito</span> <span class='ocrx_word' id='word_1_82' title='bbox 1539 1931 1582 1973; x_wconf 94' lang='lat' dir='ltr'>in</span> <span class='ocrx_word' id='word_1_83' title='bbox 1622 1941 1826 1973; x_wconf 89' lang='lat' dir='ltr'>erectum</span> <span class='ocrx_word' id='word_1_84' title='bbox 1867 1928 2082 1986; x_wconf 87' lang='lat' dir='ltr'>pollicem</span> 
     </span>
     <span class='ocr_line' id='line_1_12' title="bbox 310 1999 2085 2062; baseline -0.003 -15"><span class='ocrx_word' id='word_1_85' title='bbox 310 2004 539 2048; x_wconf 83' lang='lat' dir='ltr'>residente</span> <span class='ocrx_word' id='word_1_86' title='bbox 571 2016 619 2047; x_wconf 88' lang='lat' dir='ltr'>ut</span> <span class='ocrx_word' id='word_1_87' title='bbox 651 2003 797 2061; x_wconf 81' lang='lat' dir='ltr'>ipsam</span> <span class='ocrx_word' id='word_1_88' title='bbox 824 2019 1016 2062; x_wconf 86' lang='lat' dir='ltr'>prorsus</span> <span class='ocrx_word' id='word_1_89' title='bbox 1046 2005 1181 2047; x_wconf 87' lang='lat' dir='ltr'>deam</span> <span class='ocrx_word' id='word_1_90' title='bbox 1213 2005 1441 2046; x_wconf 82' lang='lat' dir='ltr'>Venerem</span> <span class='ocrx_word' id='word_1_91' title='bbox 1476 2001 1824 2045; x_wconf 86' lang='lat' dir='ltr'>uenerabantur</span> <span class='ocrx_word' id='word_1_92' title='bbox 1857 1999 2085 2058; x_wconf 77' lang='lat' dir='ltr'>religiosis</span> 
     </span>
     <span class='ocr_line' id='line_1_13' title="bbox 309 2070 2085 2133; baseline -0.003 -15"><span class='ocrx_word' id='word_1_93' title='bbox 309 2075 678 2119; x_wconf 81' lang='lat' dir='ltr'>adorationibus.</span> <span class='ocrx_word' id='word_1_94' title='bbox 709 2075 902 2132; x_wconf 88' lang='lat' dir='ltr'>Iamque</span> <span class='ocrx_word' id='word_1_95' title='bbox 929 2076 1165 2133; x_wconf 78' lang='lat' dir='ltr'>proximas</span> <span class='ocrx_word' id='word_1_96' title='bbox 1189 2075 1399 2117; x_wconf 85' lang='lat' dir='ltr'>ciuitates</span> <span class='ocrx_word' id='word_1_97' title='bbox 1425 2086 1466 2117; x_wconf 91' lang='lat' dir='ltr'>et</span> <span class='ocrx_word' id='word_1_98' title='bbox 1496 2073 1694 2132; x_wconf 75' lang='lat' dir='ltr'>attiguas</span> <span class='ocrx_word' id='word_1_99' title='bbox 1720 2071 1933 2130; x_wconf 86' lang='lat' dir='ltr'>regiones</span> <span class='ocrx_word' id='word_1_100' title='bbox 1963 2070 2085 2113; x_wconf 88' lang='lat' dir='ltr'>fama</span> 
     </span>
     <span class='ocr_line' id='line_1_14' title="bbox 310 2142 2086 2205; baseline -0.003 -16"><span class='ocrx_word' id='word_1_101' title='bbox 310 2158 580 2205; x_wconf 85' lang='lat' dir='ltr'>peruaserat</span> <span class='ocrx_word' id='word_1_102' title='bbox 612 2146 765 2199; x_wconf 69' lang='lat' dir='ltr'>deam„</span> <span class='ocrx_word' id='word_1_103' title='bbox 796 2161 938 2203; x_wconf 89' lang='lat' dir='ltr'>quam</span> <span class='ocrx_word' id='word_1_104' title='bbox 963 2146 1200 2190; x_wconf 86' lang='lat' dir='ltr'>caerulum</span> <span class='ocrx_word' id='word_1_105' title='bbox 1227 2145 1514 2204; x_wconf 87' lang='lat' dir='ltr'>profundum</span> <span class='ocrx_word' id='word_1_106' title='bbox 1549 2143 1697 2202; x_wconf 85' lang='lat' dir='ltr'>pelagi</span> <span class='ocrx_word' id='word_1_107' title='bbox 1733 2142 1912 2200; x_wconf 89' lang='lat' dir='ltr'>peperit</span> <span class='ocrx_word' id='word_1_108' title='bbox 1937 2153 1979 2184; x_wconf 90' lang='lat' dir='ltr'>et</span> <span class='ocrx_word' id='word_1_109' title='bbox 2012 2157 2086 2184; x_wconf 90' lang='lat' dir='ltr'>ros</span> 
     </span>
     <span class='ocr_line' id='line_1_15' title="bbox 310 2213 2085 2275; baseline -0.003 -15"><span class='ocrx_word' id='word_1_110' title='bbox 310 2217 635 2275; x_wconf 89' lang='lat' dir='ltr'>spumantium</span> <span class='ocrx_word' id='word_1_111' title='bbox 679 2217 904 2260; x_wconf 85' lang='lat' dir='ltr'>fluctuum</span> <span class='ocrx_word' id='word_1_112' title='bbox 945 2218 1176 2271; x_wconf 70' lang='lat' dir='ltr'>educauit,</span> <span class='ocrx_word' id='word_1_113' title='bbox 1216 2217 1307 2260; x_wconf 81' lang='lat' dir='ltr'>iam</span> <span class='ocrx_word' id='word_1_114' title='bbox 1346 2215 1557 2259; x_wconf 88' lang='lat' dir='ltr'>numinis</span> <span class='ocrx_word' id='word_1_115' title='bbox 1595 2214 1665 2257; x_wconf 91' lang='lat' dir='ltr'>sui</span> <span class='ocrx_word' id='word_1_116' title='bbox 1704 2213 1878 2272; x_wconf 87' lang='lat' dir='ltr'>passim</span> <span class='ocrx_word' id='word_1_117' title='bbox 1913 2213 2085 2256; x_wconf 89' lang='lat' dir='ltr'>tributa</span> 
     </span>
     <span class='ocr_line' id='line_1_16' title="bbox 312 2287 2086 2347; baseline -0.003 -16"><span class='ocrx_word' id='word_1_118' title='bbox 312 2288 448 2331; x_wconf 84' lang='lat' dir='ltr'>uenia</span> <span class='ocrx_word' id='word_1_119' title='bbox 476 2287 519 2330; x_wconf 92' lang='lat' dir='ltr'>in</span> <span class='ocrx_word' id='word_1_120' title='bbox 550 2287 716 2331; x_wconf 87' lang='lat' dir='ltr'>mediis</span> <span class='ocrx_word' id='word_1_121' title='bbox 741 2289 1008 2332; x_wconf 88' lang='lat' dir='ltr'>conuersari</span> <span class='ocrx_word' id='word_1_122' title='bbox 1040 2288 1202 2347; x_wconf 93' lang='lat' dir='ltr'>populi</span> <span class='ocrx_word' id='word_1_123' title='bbox 1234 2288 1461 2339; x_wconf 65' lang='lat' dir='ltr'>coetibus„</span> <span class='ocrx_word' id='word_1_124' title='bbox 1491 2287 1562 2330; x_wconf 92' lang='lat' dir='ltr'>uel</span> <span class='ocrx_word' id='word_1_125' title='bbox 1595 2297 1713 2329; x_wconf 91' lang='lat' dir='ltr'>certe</span> <span class='ocrx_word' id='word_1_126' title='bbox 1747 2300 1933 2328; x_wconf 86' lang='lat' dir='ltr'>rursum</span> <span class='ocrx_word' id='word_1_127' title='bbox 1961 2299 2086 2327; x_wconf 89' lang='lat' dir='ltr'>nouo</span> 
     </span>
     <span class='ocr_line' id='line_1_17' title="bbox 311 2355 2083 2418; baseline -0.002 -16"><span class='ocrx_word' id='word_1_128' title='bbox 311 2359 581 2403; x_wconf 89' lang='lat' dir='ltr'>caelestium</span> <span class='ocrx_word' id='word_1_129' title='bbox 607 2359 835 2403; x_wconf 89' lang='lat' dir='ltr'>stillarum</span> <span class='ocrx_word' id='word_1_130' title='bbox 862 2360 1070 2418; x_wconf 84' lang='lat' dir='ltr'>germine</span> <span class='ocrx_word' id='word_1_131' title='bbox 1096 2375 1188 2403; x_wconf 93' lang='lat' dir='ltr'>non</span> <span class='ocrx_word' id='word_1_132' title='bbox 1217 2359 1380 2410; x_wconf 60' lang='lat' dir='ltr'>maria„</span> <span class='ocrx_word' id='word_1_133' title='bbox 1407 2359 1485 2402; x_wconf 90' lang='lat' dir='ltr'>sed</span> <span class='ocrx_word' id='word_1_134' title='bbox 1511 2370 1654 2401; x_wconf 89' lang='lat' dir='ltr'>terras</span> <span class='ocrx_word' id='word_1_135' title='bbox 1682 2358 1913 2399; x_wconf 83' lang='lat' dir='ltr'>Venerem</span> <span class='ocrx_word' id='word_1_136' title='bbox 1946 2355 2083 2398; x_wconf 88' lang='lat' dir='ltr'>aliam</span> 
     </span>
     <span class='ocr_line' id='line_1_18' title="bbox 313 2430 1251 2489; baseline 0 -16"><span class='ocrx_word' id='word_1_137' title='bbox 313 2430 531 2489; x_wconf 85' lang='lat' dir='ltr'>uirginali</span> <span class='ocrx_word' id='word_1_138' title='bbox 557 2430 670 2473; x_wconf 86' lang='lat' dir='ltr'>flore</span> <span class='ocrx_word' id='word_1_139' title='bbox 695 2431 953 2488; x_wconf 86' lang='lat' dir='ltr'>praeditam</span> <span class='ocrx_word' id='word_1_140' title='bbox 982 2431 1251 2489; x_wconf 80' lang='lat' dir='ltr'>pullulasse.</span> 
     </span>
    </p>

    <p class='ocr_par' dir='ltr' id='par_1_4' title="bbox 263 2499 2089 2702">
     <span class='ocr_line' id='line_1_19' title="bbox 434 2499 2087 2559; baseline -0.002 -15"><span class='ocrx_word' id='word_1_141' title='bbox 434 2516 490 2559; x_wconf 72' lang='lat'>29</span> <span class='ocrx_word' id='word_1_142' title='bbox 526 2500 603 2546; x_wconf 86' lang='lat' dir='ltr'>Sic</span> <span class='ocrx_word' id='word_1_143' title='bbox 622 2501 906 2545; x_wconf 78' lang='lat' dir='ltr'>immensum</span> <span class='ocrx_word' id='word_1_144' title='bbox 927 2503 1136 2559; x_wconf 88' lang='lat' dir='ltr'>procedit</span> <span class='ocrx_word' id='word_1_145' title='bbox 1156 2502 1200 2545; x_wconf 90' lang='lat' dir='ltr'>in</span> <span class='ocrx_word' id='word_1_146' title='bbox 1221 2503 1320 2546; x_wconf 88' lang='lat' dir='ltr'>dies</span> <span class='ocrx_word' id='word_1_147' title='bbox 1339 2502 1519 2559; x_wconf 63' lang='lat' dir='ltr'>opinio„</span> <span class='ocrx_word' id='word_1_148' title='bbox 1539 2500 1601 2543; x_wconf 87' lang='lat' dir='ltr'>sic</span> <span class='ocrx_word' id='word_1_149' title='bbox 1620 2499 1795 2542; x_wconf 81' lang='lat' dir='ltr'>insulas</span> <span class='ocrx_word' id='word_1_150' title='bbox 1814 2499 1905 2541; x_wconf 90' lang='lat' dir='ltr'>iam</span> <span class='ocrx_word' id='word_1_151' title='bbox 1924 2513 2087 2556; x_wconf 81' lang='lat' dir='ltr'>proxu-</span> 
     </span>
     <span class='ocr_line' id='line_1_20' title="bbox 316 2570 2088 2631; baseline -0.002 -17"><span class='ocrx_word' id='word_1_152' title='bbox 316 2587 414 2615; x_wconf 87' lang='lat' dir='ltr'>mas</span> <span class='ocrx_word' id='word_1_153' title='bbox 449 2583 492 2615; x_wconf 93' lang='lat' dir='ltr'>et</span> <span class='ocrx_word' id='word_1_154' title='bbox 534 2584 682 2616; x_wconf 86' lang='lat' dir='ltr'>terrae</span> <span class='ocrx_word' id='word_1_155' title='bbox 727 2573 991 2630; x_wconf 89' lang='lat' dir='ltr'>plusculum</span> <span class='ocrx_word' id='word_1_156' title='bbox 1041 2573 1402 2631; x_wconf 90' lang='lat' dir='ltr'>prouinciasque</span> <span class='ocrx_word' id='word_1_157' title='bbox 1444 2572 1670 2630; x_wconf 77' lang='lat' dir='ltr'>plurimas</span> <span class='ocrx_word' id='word_1_158' title='bbox 1714 2570 1835 2612; x_wconf 86' lang='lat' dir='ltr'>fama</span> <span class='ocrx_word' id='word_1_159' title='bbox 1881 2581 2088 2627; x_wconf 84' lang='lat' dir='ltr'>porrecta</span> 
     </span>
     <span class='ocr_line' id='line_1_21' title="bbox 263 2640 2089 2702; baseline -0.002 -17"><span class='ocrx_word' id='word_1_160' title='bbox 263 2657 265 2659; x_wconf 87' lang='lat'>·</span> <span class='ocrx_word' id='word_1_161' title='bbox 317 2655 613 2701; x_wconf 77' lang='lat' dir='ltr'>peruagatus.</span> <span class='ocrx_word' id='word_1_162' title='bbox 643 2643 740 2686; x_wconf 88' lang='lat' dir='ltr'>Iam</span> <span class='ocrx_word' id='word_1_163' title='bbox 769 2644 901 2687; x_wconf 90' lang='lat' dir='ltr'>multi</span> <span class='ocrx_word' id='word_1_164' title='bbox 930 2644 1197 2687; x_wconf 84' lang='lat' dir='ltr'>mortalium</span> <span class='ocrx_word' id='word_1_165' title='bbox 1224 2644 1374 2702; x_wconf 82' lang='lat' dir='ltr'>longis</span> <span class='ocrx_word' id='word_1_166' title='bbox 1406 2642 1651 2686; x_wconf 87' lang='lat' dir='ltr'>itineribus</span> <span class='ocrx_word' id='word_1_167' title='bbox 1683 2653 1819 2698; x_wconf 86' lang='lat' dir='ltr'>atque</span> <span class='ocrx_word' id='word_1_168' title='bbox 1851 2640 2089 2683; x_wconf 80' lang='lat' dir='ltr'>altissimis</span> 
     </span>
    </p>
   </div>
   <div class='ocr_carea' id='block_1_4' title="bbox 318 2712 2136 2774">
    <p class='ocr_par' dir='ltr' id='par_1_5' title="bbox 318 2712 2136 2774">
     <span class='ocr_line' id='line_1_22' title="bbox 318 2712 2136 2774; baseline -0.003 -17"><span class='ocrx_word' id='word_1_169' title='bbox 318 2714 458 2757; x_wconf 86' lang='lat' dir='ltr'>maris</span> <span class='ocrx_word' id='word_1_170' title='bbox 484 2714 715 2758; x_wconf 86' lang='lat' dir='ltr'>meatibus</span> <span class='ocrx_word' id='word_1_171' title='bbox 735 2716 790 2758; x_wconf 93' lang='lat' dir='ltr'>ad</span> <span class='ocrx_word' id='word_1_172' title='bbox 817 2716 1249 2773; x_wconf 63' lang='lat' dir='ltr'>saeculis&#39;specimen</span> <span class='ocrx_word' id='word_1_173' title='bbox 1270 2715 1526 2774; x_wconf 86' lang='lat' dir='ltr'>gloriosum</span> <span class='ocrx_word' id='word_1_174' title='bbox 1549 2713 1864 2756; x_wconf 77' lang='lat' dir='ltr'>confluebant.</span> <span class='ocrx_word' id='word_1_175' title='bbox 1889 2712 2085 2768; x_wconf 85' lang='lat' dir='ltr'>Paphon</span> <span class='ocrx_word' id='word_1_176' title='bbox 2131 2725 2136 2732; x_wconf 91' lang='lat'>·</span> 
     </span>
    </p>
   </div>
   <div class='ocr_carea' id='block_1_5' title="bbox 319 2782 2091 2986">
    <p class='ocr_par' dir='ltr' id='par_1_6' title="bbox 319 2782 2091 2986">
     <span class='ocr_line' id='line_1_23' title="bbox 319 2782 2089 2845; baseline -0.002 -18"><span class='ocrx_word' id='word_1_177' title='bbox 319 2799 476 2837; x_wconf 69' lang='lat' dir='ltr'>nem0‚</span> <span class='ocrx_word' id='word_1_178' title='bbox 497 2785 685 2829; x_wconf 90' lang='lat' dir='ltr'>Cnidon</span> <span class='ocrx_word' id='word_1_179' title='bbox 708 2801 863 2834; x_wconf 73' lang='lat' dir='ltr'>nemo,</span> <span class='ocrx_word' id='word_1_180' title='bbox 883 2802 932 2830; x_wconf 90' lang='lat' dir='ltr'>ac</span> <span class='ocrx_word' id='word_1_181' title='bbox 951 2802 1005 2830; x_wconf 86' lang='lat' dir='ltr'>ne</span> <span class='ocrx_word' id='word_1_182' title='bbox 1028 2787 1125 2845; x_wconf 89' lang='lat' dir='ltr'>ipsa</span> <span class='ocrx_word' id='word_1_183' title='bbox 1143 2786 1332 2844; x_wconf 85' lang='lat' dir='ltr'>quidem</span> <span class='ocrx_word' id='word_1_184' title='bbox 1355 2786 1557 2844; x_wconf 63' lang='lat' dir='ltr'>Cythera</span> <span class='ocrx_word' id='word_1_185' title='bbox 1578 2785 1633 2827; x_wconf 87' lang='lat' dir='ltr'>ad</span> <span class='ocrx_word' id='word_1_186' title='bbox 1655 2795 1956 2840; x_wconf 83' lang='lat' dir='ltr'>conspectum</span> <span class='ocrx_word' id='word_1_187' title='bbox 1977 2782 2089 2824; x_wconf 87' lang='lat' dir='ltr'>deae</span> 
     </span>
     <span class='ocr_line' id='line_1_24' title="bbox 320 2853 2089 2915; baseline -0.002 -18"><span class='ocrx_word' id='word_1_188' title='bbox 320 2855 514 2898; x_wconf 86' lang='lat' dir='ltr'>Veneris</span> <span class='ocrx_word' id='word_1_189' title='bbox 532 2855 832 2914; x_wconf 83' lang='lat' dir='ltr'>nauigabant.</span> <span class='ocrx_word' id='word_1_190' title='bbox 852 2857 991 2904; x_wconf 86' lang='lat' dir='ltr'>Sacra</span> <span class='ocrx_word' id='word_1_191' title='bbox 1009 2858 1110 2901; x_wconf 87' lang='lat' dir='ltr'>diae</span> <span class='ocrx_word' id='word_1_192' title='bbox 1128 2868 1546 2915; x_wconf 68' lang='lat' dir='ltr'>praetermeantur,</span> <span class='ocrx_word' id='word_1_193' title='bbox 1563 2855 1736 2912; x_wconf 86' lang='lat' dir='ltr'>templa</span> <span class='ocrx_word' id='word_1_194' title='bbox 1751 2853 2089 2901; x_wconf 69' lang='lat' dir='ltr'>deformantur„</span> 
     </span>
     <span class='ocr_line' id='line_1_25' title="bbox 320 2924 2091 2986; baseline -0.002 -17"><span class='ocrx_word' id='word_1_195' title='bbox 320 2926 587 2984; x_wconf 87' lang='lat' dir='ltr'>puluinaria</span> <span class='ocrx_word' id='word_1_196' title='bbox 621 2928 916 2976; x_wconf 69' lang='lat' dir='ltr'>deseruntur,</span> <span class='ocrx_word' id='word_1_197' title='bbox 949 2928 1259 2973; x_wconf 84' lang='lat' dir='ltr'>caerimoniae</span> <span class='ocrx_word' id='word_1_198' title='bbox 1293 2928 1616 2986; x_wconf 71' lang='lat' dir='ltr'>necleguntur‚</span> <span class='ocrx_word' id='word_1_199' title='bbox 1651 2926 1920 2969; x_wconf 89' lang='lat' dir='ltr'>incoronata</span> <span class='ocrx_word' id='word_1_200' title='bbox 1952 2924 2091 2967; x_wconf 86' lang='lat' dir='ltr'>simu-</span> 
     </span>
    </p>
   </div>
   <div class='ocr_carea' id='block_1_6' title="bbox 322 2995 2094 3095">
    <p class='ocr_par' dir='ltr' id='par_1_7' title="bbox 322 2995 2094 3095">
     <span class='ocr_line' id='line_1_26' title="bbox 322 2995 2094 3058; baseline -0.002 -19"><span class='ocrx_word' id='word_1_201' title='bbox 322 2997 440 3040; x_wconf 85' lang='lat' dir='ltr'>lacra</span> <span class='ocrx_word' id='word_1_202' title='bbox 472 3010 514 3040; x_wconf 88' lang='lat' dir='ltr'>et</span> <span class='ocrx_word' id='word_1_203' title='bbox 544 3013 647 3040; x_wconf 88' lang='lat' dir='ltr'>arae</span> <span class='ocrx_word' id='word_1_204' title='bbox 681 3000 848 3043; x_wconf 85' lang='lat' dir='ltr'>uiduae</span> <span class='ocrx_word' id='word_1_205' title='bbox 880 3000 1047 3058; x_wconf 81' lang='lat' dir='ltr'>frigido</span> <span class='ocrx_word' id='word_1_206' title='bbox 1078 3001 1231 3043; x_wconf 89' lang='lat' dir='ltr'>cinere</span> <span class='ocrx_word' id='word_1_207' title='bbox 1264 2999 1488 3041; x_wconf 83' lang='lat' dir='ltr'>foedatae.</span> <span class='ocrx_word' id='word_1_208' title='bbox 1519 2997 1707 3041; x_wconf 85' lang='lat' dir='ltr'>Puellae</span> <span class='ocrx_word' id='word_1_209' title='bbox 1739 2995 2028 3053; x_wconf 84' lang='lat' dir='ltr'>supplicatur</span> <span class='ocrx_word' id='word_1_210' title='bbox 2052 3006 2094 3036; x_wconf 82' lang='lat' dir='ltr'>et</span> 
     </span>
     <span class='ocr_line' id='line_1_27' title="bbox 1941 3066 1951 3095; baseline 0 0"><span class='ocrx_word' id='word_1_211' title='bbox 1941 3066 1951 3095; x_wconf 87' lang='lat'><em>1</em></span> 
     </span>
    </p>
   </div>
   <div class='ocr_carea' id='block_1_7' title="bbox 2135 2009 2182 2035">
    <p class='ocr_par' dir='ltr' id='par_1_8' title="bbox 2135 2009 2182 2035">
     <span class='ocr_line' id='line_1_28' title="bbox 2135 2009 2182 2035; baseline -0.064 0"><span class='ocrx_word' id='word_1_212' title='bbox 2135 2009 2182 2035; x_wconf 75' lang='lat' dir='ltr'>[O</span> 
     </span>
    </p>
   </div>
  </div>
 </body>
</html>
