2410 3487
257 1047 304 1072 tn

255 1386 300 1426 if*

243 2802 261 2811 η
277 2802 291 2810 .

244 2815 296 2843 33

350 406 423 436 tua
463 407 525 436 est
563 393 858 437 existimatio.
894 406 1047 437 utrum
1087 394 1328 438 sororibus
1361 411 1446 454 pro
1480 408 1555 440 tua
1586 412 1689 442 cara
1725 400 1870 444 salute
1905 401 2113 446 sollicitis

349 464 566 506 adsentiri
601 463 716 506 uelis
750 475 791 505 et
825 463 1052 507 declinata
1090 477 1235 508 morte
1268 466 1511 510 nobiscum
1549 482 1706 512 secura
1733 469 1924 528 periculi
1953 471 2112 517 uiuere

350 550 402 576 „in
441 534 740 576 saeuissimae
776 533 946 577 bestiae
978 535 1161 593 sepeliri
1200 537 1471 580 uisceribus.
1502 536 1646 595 Quod
1681 539 1715 582 si
1752 552 1793 584 te
1828 543 1949 585 ruris
1974 542 2113 587 huius

350 603 522 646 uocalis
547 604 749 647 solitudo
776 604 845 647 uel
879 605 1194 649 clandestinae
1226 607 1413 651 ueneris
1449 608 1602 652 faetidi
1636 610 1979 669 periculosique
2003 628 2112 657 con-

348 674 532 717 cubitus
556 687 597 717 et
624 675 839 717 uenenati
867 676 1095 733 serpentis
1119 677 1362 734 amplexus
1385 678 1631 731 delectant,
1658 692 1778 724 certe
1803 681 1906 739 piae
1930 697 2113 727 sorores

348 757 555 787 nostrum
590 745 862 788 t'eccrimus'.
890 747 1025 789 Tunc
1054 747 1233 805 Psyche
1265 748 1461 796 misella.
1491 761 1648 808 utpote
1679 751 1875 809 simplex
1900 764 1942 796 et
1966 753 2109 797 animi

347 816 530 860 tenella.
560 816 735 873 rapitur
761 817 1013 860 uerborum
1041 830 1130 861 tam
1158 819 1358 863 tristium
1387 819 1638 864 formidine
1666 838 1673 864 :
1701 834 1825 866 extra
1857 823 2110 868 terminum

347 886 515 929 mentis
541 902 648 929 suae
675 887 822 944 posita
849 902 1039 945 prorsus
1063 889 1276 933 omnium
1306 890 1455 934 mariti
1484 891 1798 936 monitionum
1826 908 2111 952 suarumque

347 957 713 1015 promissionum
753 959 1027 1002 memoriam
1055 959 1217 1003 effudit
1242 973 1284 1004 et
1311 962 1354 1004 in
1385 961 1669 1019 profundum
1706 964 1981 1008 calamitatis
2014 979 2112 1008 sese

347 1028 685 1086 praecipitauit.
725 1041 1023 1088 tremensque
1057 1043 1098 1073 et
1132 1032 1327 1088 exangui
1363 1033 1515 1076 colore
1552 1033 1721 1085 lurida,
1757 1035 1935 1078 tertiata
1971 1036 2112 1080 uerba

346 1099 592 1142 scmhianti
621 1115 732 1143 uoce
758 1100 1060 1159 substrepens
1085 1102 1148 1145 sic
1172 1103 1228 1146 ad
1255 1102 1355 1146 illas
1379 1103 1440 1147 ait
1469 1122 1476 1147 :

496 1191 502 1216 ι
517 1174 910 1233 92‘Vosfquidem.
926 1176 1192 1220 carissimae
1207 1193 1407 1225 sorores,
1426 1191 1472 1222 ut
1488 1194 1569 1237 par
1583 1191 1696 1232 erat„
1711 1180 1754 1224 in
1768 1179 1918 1224 officio
1932 1194 2111 1226 uestrae

346 1245 527 1302 pietatis
564 1246 863 1303 permanetis.
905 1261 1066 1290 uerum
1106 1260 1148 1291 et
1186 1249 1248 1291 illi
1290 1250 1367 1306 qui
1410 1249 1516 1293 talia
1558 1250 1693 1294 uobis
1732 1251 1980 1295 adfirmant
2017 1267 2109 1296 non

346 1316 564 1359 uidentur
590 1316 701 1359 mihi
731 1318 1025 1361 mendacium
1054 1319 1243 1377 tingere.
1275 1320 1372 1363 Nec
1396 1320 1521 1364 enim
1548 1335 1755 1379 unquam
1784 1322 1868 1366 uiri
1899 1322 1985 1366 mei
2016 1323 2108 1368 uidi

346 1387 506 1430 faciem
536 1388 824 1431 uel‘omnino
843 1389 1006 1432 cuiatis
1027 1389 1082 1433 sit
1103 1391 1232 1441 noui,
1255 1392 1332 1434 sed
1355 1403 1533 1435 tantum
1557 1393 1799 1436 nocturnis
1823 1393 2113 1438 subaudiens

346 1458 539 1501 uocibus
566 1458 782 1502 maritum
808 1459 965 1502 incerti
994 1473 1138 1504 status
1163 1473 1203 1504 et
1230 1476 1420 1520 prorsus
1447 1462 1696 1521 lucifugam
1723 1464 1868 1508 tolero
1893 1464 2112 1508 bestiam-

343 1545 432 1586 que
467 1530 670 1587 aliquam
710 1542 827 1573 recte
860 1532 1124 1575 dicentibus
1160 1532 1295 1575 uobis
1332 1533 1497 1577 merito
1531 1534 1789 1578 consentio.
1825 1535 1901 1578 Me
1935 1535 2111 1594 quippe

344 1616 628 1659 magnopere
667 1616 851 1659 semper
884 1618 906 1644 a
943 1603 1038 1645 suis
1073 1615 1211 1647 terret
1243 1604 1508 1662 aspectibus
1545 1605 1814 1663 malumque
1848 1606 2021 1664 grande
2055 1606 2110 1650 de

344 1673 500 1715 uultus
553 1673 817 1716 curiositate
875 1674 1208 1731 praeminatur.
1260 1675 1398 1718 Nunc
1444 1676 1624 1733 siquam
1678 1677 1925 1720 salutarem
1972 1691 2108 1735 opem

343 1743 620 1801 periclitanti
668 1744 813 1788 sorori
857 1757 1036 1788 uestrae
1078 1746 1268 1803 potestis
1309 1747 1506 1799 adferre,
1551 1747 1639 1790 iam
1683 1762 1804 1791 nunc
1844 1748 2109 1802 subsistite3

341 1827 544 1858 ceterum
579 1815 757 1858 incuria
784 1831 985 1873 sequens
1016 1816 1185 1874 prioris
1216 1817 1540 1875 prouidentiae
1573 1818 1795 1862 beneficia
1821 1817 2107 1881 corrumpit'.

340 1886 475 1928 Tunc
502 1899 692 1930 nanctae
726 1887 814 1930 iam
849 1890 993 1945 portis
1018 1887 1285 1945 patentibus
1313 1890 1538 1932 nudatum
1566 1890 1738 1933 sororis
1763 1889 1973 1933 animum
2000 1889 2109 1933 faci—

343 1971 537 2000 norosae
564 1957 783 2001 mulieres
806 1958 994 2001 omissis
1019 1970 1159 2002 tectae
1181 1959 1425 2003 machinae
1448 1960 1670 2013 latibulis,
1691 1961 1920 2005 destrictis
1943 1952 2111 2020 gladiis

341 2028 599 2084 fraudium,
622 2029 847 2086 simplicis
893 2030 1072 2086 puellae
1119 2043 1343 2088 pauentes
1387 2031 1690 2090 cogitationes
1737 2032 1983 2076 inuadunt.
2032 2032 2110 2079 Sic

276 2095 291 2136 .'
340 2099 544 2157 denique
569 2100 708 2143 altera
739 2118 745 2142 ;

483 2187 539 2214 20
570 2172 828 2229 ‘Quoniam
863 2188 948 2216 nos
981 2173 1178 2232 originis
1210 2189 1354 2217 nexus
1380 2189 1463 2232 pro
1487 2186 1564 2217 tua
1591 2173 1907 2218 incolumitate
1932 2174 2107 2233 pericu-

342 2242 434 2285 lum
462 2243 650 2300 quidem
680 2244 858 2287 nullum
895 2257 1000 2288 ante
1030 2245 1189 2288 oculos
1222 2245 1394 2288 habere
1424 2245 1677 2303 compellit,
1706 2245 1829 2288 uiam
1862 2260 1980 2303 quae
2011 2246 2107 2290 sola

339 2313 523 2356 deducit
548 2313 670 2370 [iter]
697 2315 751 2357 ad
785 2315 978 2358 salutem
1005 2315 1084 2359 diu
1118 2315 1294 2373 diuque
1329 2319 1573 2374 cogitatam
1609 2316 1979 2360 monstrabimus
2003 2316 2103 2360 tibi.

343 2384 634 2427 Nouaculam
673 2397 988 2443 praeacutam,
1012 2387 1211 2444 adpulsu
1238 2387 1374 2430 etiam
1406 2386 1641 2444 palmulae
1677 2387 1892 2430 lenientis
1923 2401 2106 2445 exaspe-

342 2466 483 2498 ratam
511 2455 594 2498 tori
622 2471 711 2513 qua
744 2469 870 2514 parte
895 2457 1066 2500 cubare
1090 2456 1320 2501 consuesti
1359 2459 1553 2501 latenter
1582 2457 1814 2501 absconde
1851 2457 2105 2502 lucernam-

339 2540 428 2582 que
453 2526 729 2570 concinnem
762 2528 1038 2586 completam
1065 2529 1186 2581 oleo,
1212 2529 1335 2572 claro
1361 2528 1538 2572 lumine
1570 2528 1933 2587 praemicantem
1959 2529 2106 2572 subde

339 2596 496 2653 aliquo
512 2598 769 2641 claudentis
785 2599 968 2642 aululae
985 2599 1206 2658 tegmine,
1225 2599 1450 2657 omnique
1467 2600 1553 2643 isto
1569 2611 1794 2659 apparatu
1812 2599 2104 2644 tenacissime

338 2667 648 2719 dissimulato„
692 2682 938 2727 postquam
980 2671 1179 2714 sulcatos
1219 2671 1459 2714 intrahens
1498 2686 1684 2730 gressus
1722 2670 1875 2715 cubile
1914 2670 2101 2715 solitum

339 2739 658 2782 conscenderit
677 2740 862 2797 iamque
880 2754 1119 2799 porrectus
1138 2754 1179 2785 et
1195 2741 1385 2786 exordio
1402 2742 1555 2786 somni
1575 2742 1829 2800 prementis
1851 2742 2104 2801 implicitus

338 2809 480 2851 altum
501 2825 714 2867 soporem
735 2812 843 2854 liare
859 2813 1081 2869 coeperit„
1100 2824 1200 2856 toro
1217 2813 1404 2871 delapsa
1422 2814 1642 2871 nudoque
1661 2813 1858 2872 uestigio
1875 2813 2100 2872 pensilem

337 2880 530 2935 gradum
588 2881 849 2938 pullulatim
910 2883 1127 2927 minuens
1181 2899 1342 2928 caecae
1386 2885 1603 2928 tenebrae
1647 2884 1855 2928 custodia
1911 2883 2102 2928 liberata

339 2949 524 2993 lucerna
567 2952 785 3008 praeclari
828 2952 890 2995 tui
934 2953 1150 2997 facinoris
1182 2955 1547 3013 oportunitatem
1582 2956 1638 2998 de
1680 2954 1872 2998 luminis
1905 2954 2101 2998 consilio

339 3032 549 3064 mutuare
581 3034 622 3064 et
657 3022 844 3080 ancipiti
881 3024 1084 3067 telo5illo
1117 3025 1351 3068 audaciter
1380 3025 1510 3083 prius
1543 3025 1729 3069 dextera
1765 3039 1949 3068 sursum
1985 3025 2099 3068 elata

339 3091 440 3134 nisu
467 3107 605 3149 quam
635 3093 791 3137 ualido
818 3095 939 3137 noxii
968 3096 1195 3153 serpentis
1221 3096 1396 3140 nodum
1422 3095 1617 3140 ceruicis
1641 3107 1684 3139 et
1707 3095 1872 3154 capitis
1895 3095 2098 3140 abscide.
