2410 3487
246 1395 291 1433 ιὲ·

236 2458 292 2498 ’50

1105 290 1123 294 -
1201 280 1250 306 {0
1316 289 1366 296 .-

343 411 428 436 ιιι.ιι
447 407 557 435 itum
605 407 739 449 teque
784 406 824 435 et
872 393 1008 434 istum
1057 391 1307 449 paruulum
1355 403 1563 435 nostrum
1611 391 1901 436 imminentis
1940 391 2102 436 ruinae

342 464 598 506 infortunio
625 464 783 506 libera.
815 463 910 505 Nec
937 461 1036 505 illas
1061 462 1275 505 scelestas
1299 461 1514 510 seminas,
1536 477 1651 520 quas
1674 462 1754 506 tibi
1779 474 1881 521 post
1906 462 2101 506 interne·

339 549 493 576 ciuuin
516 533 674 576 odium
697 545 738 576 ct
758 534 926 576 calcata
948 532 1192 590 sanguinis
1217 531 1389 576 soedera
1410 547 1593 576 sorores
1611 533 1846 591 appellare
1867 548 1958 576 non
1981 533 2100 586 licet,

339 605 409 646 uel
438 605 596 647 uideas
622 604 691 646 ucl
718 603 898 649 audias.
918 617 1022 646 cum
1052 602 1095 645 in
1119 617 1296 646 morem
1322 601 1543 648 Sirenum
1566 603 1758 661 scopulo
1782 603 2103 661 prominentes

338 674 532 718 funestis
558 674 752 717 uocibus
777 688 880 716 saxa
914 672 1262 731 personabunt'.

488 746 534 788 ιζ’*
571 744 775 802 Suscipit
803 744 982 802 Psyche
1008 744 1212 801 singultu
1250 743 1497 786 lacrimoso
1530 758 1794 788 sermonem
1832 743 2099 787 incestans:

334 816 446 858 'lam
472 816 669 862 dudum,
695 816 819 873 quod
856 815 1015 859 sciam.
1044 814 1145 858 lidei
1183 827 1319 871 atque
1356 813 1647 872 parciloquio
1679 828 1782 857 meo
1813 813 2100 872 perpendisti

336 888 633 931 documenta.
673 901 753 929 nec
793 902 847 929 eo
886 886 1027 929 setius
1066 884 1406 944 adprobabitur
1443 884 1524 928 tibi
1569 899 1691 928 nunc
1731 883 1867 928 etiam
1910 883 2104 928 firmitas

337 958 477 1000 animi
498 957 602 1000 mei.
620 958 692 1001 'l'u
714 958 854 1001 modo
874 957 1090 1015 Zephyro
1109 968 1266 999 nostro
1283 971 1467 999 rursum
1487 955 1718 1014 praecipe,
1739 954 1959 1013 fungatur
1973 954 2102 998 obse·

270 1057 276 1071 .
336 1043 446 1084 quio
471 1041 510 1070 ct
539 1029 580 1071 in
610 1029 758 1072 uicem
784 1029 1036 1086 denegatae
1062 1039 1379 1070 sacrosanctae
1407 1026 1624 1085 imaginis
1647 1039 1751 1069 tuae
1773 1025 1913 1070 redde
1939 1025 2101 1069 saltem

335 1112 634 1156 conspectum
676 1114 907 1143 sororum.
954 1099 1041 1141 Per
1083 1098 1193 1141 istos
1231 1097 1503 1141 cinnameos
1542 1109 1583 1140 et
1624 1096 1832 1154 undique
1873 1096 2103 1155 pendulos

335 1171 484 1214 crines
515 1183 634 1214 tuos.
664 1185 743 1228 per
767 1183 948 1213 teneras
980 1182 1020 1212 et
1053 1168 1208 1212 teretis
1240 1181 1280 1212 et
1314 1168 1400 1211 mei
1434 1167 1610 1211 similes
1640 1182 1799 1226 genas,
1832 1181 1914 1226 per
1945 1178 2104 1224 pectus

337 1241 607 1298 nescioquo
630 1242 780 1284 calore
811 1240 1064 1284 feruidum-
1092 1239 1155 1283 sic
1192 1240 1236 1283 in
1275 1239 1361 1282 hoc
1395 1239 1555 1282 saltem
1592 1238 1790 1296 paruulo
1825 1252 2099 1296 cognoscam

337 1312 497 1354 l‘aciern
525 1324 670 1355 tuam.
698 1311 921 1369 supplicis
947 1311 1108 1354 anxiae
1141 1310 1229 1368 piis
1261 1309 1476 1368 precibus
1500 1321 1715 1368 erogatus
1746 1308 1954 1367 germani
1981 1323 2101 1352 com-

336 1382 497 1440 plexus
543 1383 731 1441 indulge
777 1382 975 1426 fructum
1028 1394 1069 1424 et
1119 1380 1201 1424 tibi
1253 1381 1449 1424 deuotae
1501 1380 1839 1437 deuinctaeque
1893 1379 2102 1437 Psychae

334 1454 539 1497 animam
566 1454 736 1511 gaudio
757 1468 924 1496 recrea.
952 1453 1048 1495 Nec
1073 1451 1324 1509 quicquam
1346 1451 1549 1509 amplius
1570 1450 1614 1494 in
1641 1462 1720 1494 tuo
1741 1451 1872 1494 uultu
1894 1449 2101 1508 requiro,

336 1525 424 1567 iam
454 1524 514 1566 nil
541 1523 746 1567 (illiciunt
773 1524 885 1567 milii
915 1539 996 1566 nec
1023 1523 1147 1581 ipsae
1169 1535 1423 1566 nocturnae
1443 1522 1661 1565 tenebrae
1689 1539 1696 1564 :
1725 1533 1860 1565 teneo
1880 1532 1921 1564 te
1942 1535 2099 1564 meum

336 1596 519 1638 lumen’.
571 1595 658 1639 His
684 1595 839 1638 uerbis
885 1607 925 1638 et
976 1593 1271 1651 amplexibus
1326 1592 1547 1636 mollibus
1591 1593 1863 1636 decantatus
1908 1591 2102 1634 maritus

336 1667 641 1724 lacrimasque
666 1666 705 1709 ei
733 1666 827 1709 suis
853 1665 1062 1709 crinibus
1086 1666 1332 1724 detergens
1362 1664 1590 1708 facturum
1623 1662 1878 1722 spopondit
1901 1674 1944 1706 et
1975 1677 2100 1720 prae-

336 1737 470 1780 uertit
496 1737 647 1780 statim
676 1737 831 1780 lumen
862 1736 1093 1780 nascentis
1118 1735 1227 1779 diei.

483 1830 534 1869 ¹4
570 1815 735 1872 Iugum
773 1814 1003 1857 sororium
1031 1827 1323 1871 consponsae
1355 1811 1569 1855 factionis
1604 1827 1660 1854 ne
1697 1809 1970 1869 parentibus
2002 1809 2100 1868 qui·

332 1886 437 1928 dem
466 1885 578 1928 uisis
610 1897 727 1928 recta
753 1887 809 1929 de
844 1885 1046 1928 nauibus
1081 1884 1324 1942 scopulum
1363 1895 1525 1941 petunt
1560 1882 1691 1926 illum
1729 1881 1968 1940 praecipiti
1994 1895 2098 1924 cum

335 1956 574 2000 uelocitate
611 1972 692 2000 nec
727 1957 850 2000 uenti
888 1955 1076 1999 ferentis
1109 1967 1330 2013 oppertae
1369 1954 1680 2012 praesentiam
1720 1952 1958 1996 licentiosa
1993 1967 2098 1996 cum

333 2027 589 2070 temeritate
630 2027 878 2085 prosiliunt
921 2027 962 2070 in
1006 2027 1166 2070 altum.
1213 2027 1310 2069 Nec
1356 2025 1604 2069 immemor
1647 2025 1891 2083 Zephyrus
1935 2022 2101 2082 regalis

333 2098 486 2146 edicti,
513 2098 732 2155 quamuis
768 2099 960 2149 inuitus,
988 2109 1224 2155 susceptas
1250 2112 1325 2140 eas
1358 2095 1538 2155 gremio
1573 2094 1794 2154 spirantis
1828 2109 1967 2138 aurae
2001 2094 2100 2137 solo

335 2170 548 2212 reddidit.
578 2173 634 2213 At
661 2169 763 2213 illae
791 2170 1079 2213 incunctatae
1105 2170 1256 2212 statim
1283 2167 1491 2212 conferto
1516 2166 1714 2226 uestigio
1744 2167 1937 2210 domum
1965 2179 2099 2224 pene-

333 2253 453 2283 trant
496 2242 856 2299 complexaeque
903 2241 1121 2299 praedam
1169 2255 1299 2283 suam
1352 2238 1525 2283 sororis
1577 2252 1746 2281 nomen
1794 2235 2101 2280 ementientes

333 2312 734 2369 thensaurumque
775 2312 961 2370 penitus
1006 2311 1188 2354 abditae
1229 2309 1406 2354 fraudis
1446 2310 1577 2353 uultu
1624 2309 1742 2352 laeto
1787 2319 1993 2366 tegentes
2037 2306 2101 2351 sic

333 2382 521 2424 adulant
551 2400 557 2424 :
584 2381 798 2440 Psyche.
827 2397 917 2426 non
942 2381 1000 2425 ita
1028 2384 1105 2439 [utss
1135 2381 1314 2440 pridem
1338 2381 1534 2439 paruula
1557 2392 1599 2423 et
1625 2379 1723 2438 ipsa
1745 2379 1834 2422 iam
1863 2390 2009 2422 mater
2027 2379 2096 2421 es!

333 2452 578 2509 Quantum
621 2465 754 2510 putas
795 2453 902 2496 boni
931 2453 1066 2496 nobis
1093 2454 1135 2495 in
1166 2453 1249 2495 ista
1289 2451 1409 2510 geris
1446 2451 1628 2510 perula!
1673 2449 1893 2507 Quantis
1916 2447 2100 2508 gaudiis

333 2535 472 2566 totam
499 2524 689 2566 domum
720 2528 921 2567 no'stram
952 2524 1194 2568 hilarabis!
1223 2523 1267 2568 O
1293 2538 1378 2566 nos
1402 2522 1576 2575 beatas,
1602 2536 1718 2580 quas
1749 2519 1941 2564 infantis
1970 2518 2097 2563 aurei

334 2594 616 2637 nutrimenta
660 2595 916 2638 laetabunt!
960 2595 1057 2652 Qui
1100 2595 1134 2638 si
1177 2606 1421 2653 parentum
1454 2605 1502 2637 ut
1536 2604 1718 2651 oportet
1757 2589 2097 2650 pulchritudini

334 2665 641 2722 responderit.
670 2681 860 2723 prorsus
884 2666 1072 2723 Cupido
1098 2665 1338 2709 nascetur‘.

484 2738 528 2778 ιδ
567 2736 642 2781 Sic
662 2736 917 2780 adfectione
936 2737 1149 2780 simulata
1165 2736 1388 2794 paulatim
1415 2735 1588 2779 sororis
1613 2734 1844 2778 inuadunt
1867 2732 2099 2776 animum:

272 2818 282 2823 ’
333 2806 594 2863 Statimque
639 2822 713 2850 eas
769 2807 1041 2850 lassitudine
1088 2808 1189 2850 uiae
1234 2806 1460 2850 sedilibus
1515 2805 1683 2850 refotas
1736 2816 1779 2848 et
1823 2804 2095 2847 balnearum

335 2877 576 2933 uaporosis
611 2876 816 2920 fontibus
852 2890 1033 2920 curatas
1070 2877 1388 2935 pulcherrimo
1424 2876 1627 2920 triclinio
1665 2874 1889 2932 mirisque
1925 2873 2017 2917 illis
2056 2884 2099 2916 et

334 2947 478 2989 beatis
522 2948 738 2990 edulibus
782 2961 918 3005 atque
964 2949 1152 2991 tuccetis
1195 2948 1409 2991 oblectat.
1460 2947 1593 2991 Iubet
1636 2945 1861 2990 citharam
1911 2943 2036 3001 loqui
2085 2961 2092 2986 :

334 3017 567 3074 psallitur:
607 3018 742 3061 tibias
778 3034 912 3077 agere
947 3037 954 3060 :
992 3032 1208 3068 sonaturz,
1249 3020 1418 3063 choros
1452 3032 1617 3062 canere
1650 3034 1658 3059 :
1692 3026 1918 3060 cantatur.
1958 3013 2096 3072 Quae

331 3100 491 3130 cuncta
539 3089 666 3131 nullo
712 3102 950 3146 praesente
995 3089 1279 3133 dulcissimis
1324 3089 1526 3133 modulis
1570 3087 1753 3131 animos
1801 3085 2093 3130 audientium
