2410 3487
279 1381 323 1421 ¹5

271 1755 325 1778 ’ἰν

270 2460 291 2500 3
299 2474 325 2497 s)

1104 254 1399 297 -18—

378 387 470 428 Nec
497 385 618 427 enim
651 402 730 425 uos
758 384 915 439 utique
939 384 1109 425 domus
1135 397 1263 425 meae
1289 382 1465 425 famosa
1491 382 1644 426 sabula
1669 397 1710 427 et
1731 399 1820 428 non
1842 385 2024 430 dicendi
2052 385 2132 430 filii

376 456 461 498 mci
492 456 601 497 {acri
626 456 884 497 latuerunt&
907 453 1041 497 Tunc
1062 452 1165 496 illae
1187 467 1277 496 non
1301 453 1505 511 ignarae,
1524 467 1642 510 quae
1661 466 1784 512 gesta
1804 468 1928 508 sunt,
1947 457 2134 516 palpare

375 527 565 569 Venerisv
593 526 705 568 iram
741 525 1025 568 saeuientem
1063 524 1126 567 sic
1150 524 1338 567 adortae
1366 540 1373 567 :
1398 523 1544 581 ‘Quid
1571 524 1676 579 tale,
1702 525 1913 581 domina,
1937 527 2133 587 deliquit

372 610 476 639 tuus
503 596 623 639 iilius
649 608 695 638 ut
725 596 886 639 animo
918 595 1145 654 peruicaci
1181 595 1442 653 uoluptates
1474 594 1597 638 illius
1629 595 1894 654 impugnes,
1918 610 1961 642 et
1990 613 2130 656 quam

373 668 445 710 ille
482 666 630 724 diligit
669 680 713 709 tu
752 681 939 724 quoque
978 666 1168 724 perdere
1204 666 1400 724 gestias}
1440 667 1565 723 quod
1602 678 1776 719 autem,
1815 682 2024 722 oramus,
2059 669 2132 714 isti

369 739 564 782 crimen.
587 738 619 780 si
644 737 824 795 puellae
847 737 1025 796 lepidae
1043 737 1237 780 libenter
1256 736 1435 780 adrisit}
1459 751 1514 780 an
1540 736 1726 796 ignoras
1745 752 1852 781 eum
1870 739 2130 784 masculum

370 821 408 852 et
437 809 656 852 iuuenem
684 823 799 853 esse.
823 809 893 852 uel
915 821 1033 852 certe
1055 808 1143 851 iam
1167 819 1280 866 quot
1299 807 1355 851 sit
1375 822 1608 852 annorum
1630 808 1774 852 oblita
1799 810 1875 853 es?
1903 825 1980 864 an,
2006 811 2133 868 quod

369 893 561 923 aetatem
602 892 751 938 portat
785 880 971 926 bellule.
1000 895 1116 938 puer
1148 879 1230 922 tibi
1266 893 1452 937 semper
1479 879 1692 924 uidetur?
1731 891 1878 925 mater
1901 892 2059 925 autem
2084 892 2131 925 tu

368 964 408 994 et
436 964 668 1009 praeterea
693 951 878 995 cordata
906 951 1075 994 mulier
1100 950 1179 994 filii
1206 950 1270 994 tui
1299 950 1429 994 lusus
1453 965 1639 1008 semper
1663 951 1926 1009 explorabis
1951 951 2133 996 curiose

301 1044 326 1060 ιι
368 1035 408 1064 et
436 1022 478 1064 in
505 1037 559 1065 eo
585 1022 814 1065 luxuriem
841 1021 1052 1080 culpabis
1076 1034 1118 1065 et
1142 1036 1324 1065 amores
1351 1021 1562 1066 reuinces
1587 1034 1628 1066 et
1653 1034 1755 1066 tuas
1785 1033 1905 1066 artes
1935 1034 2132 1082 tuasque

367 1093 554 1136 delicias
581 1092 623 1135 in
652 1092 891 1136 formonso
925 1092 1018 1136 tilio
1053 1093 1395 1151 reprehendes}
1432 1093 1538 1151 quis
1573 1106 1728 1138 autem
1764 1105 1805 1137 te
1839 1094 2001 1149 deum,
2027 1093 2133 1153 quis

370 1164 616 1207 hominum
651 1164 867 1222 patietur.
896 1163 1067 1222 passim
1103 1164 1347 1223 cupidines
1383 1164 1570 1223 populis
1593 1164 1999 1219 disseininantem,
2025 1179 2133 1210 cum

367 1248 470 1278 tuae
513 1236 683 1278 domus
723 1250 905 1278 amores
950 1250 1106 1279 amare
1141 1236 1401 1278 'coherceas
1452 1247 1493 1278 et
1546 1235 1768 1280 uitiorum
1824 1235 2129 1280 muliebrium

369 1306 602 1363 publicam
623 1306 894 1364 praecludas
909 1305 1183 1349 officinam’}
1211 1305 1288 1352 Sic
1309 1306 1411 1349 illae
1433 1318 1556 1350 metu
1579 1307 1851 1365 sagittarum
1874 1306 2133 1365 patrocinio

368 1377 570 1433 gratioso
619 1377 844 1435 Cupidini
898 1377 1118 1434 quamuis
1168 1376 1344 1420 absenti
1398 1377 1779 1421 blandiebantur.
1834 1379 1926 1423 Sed
1973 1379 2133 1422 Venus

368 1447 607 1505 indignata
634 1448 827 1492 ridicule
852 1448 1031 1491 tractari
1065 1463 1171 1491 suas
1203 1447 1398 1491 iniurias
1430 1441 1694 1506 praeuersis
1723 1449 1814 1492 illis
1843 1449 2134 1493 altrouorsus

365 1518 548 1562 concito
571 1519 714 1576 gradu
743 1519 906 1577 pelago
933 1518 1055 1562 uiam
1084 1518 1296 1577 capessit.

510 1596 569 1639 Vl
607 1612 615 1639 ι
653 1597 830 1640 lnterea
859 1596 1034 1654 Psyche
1063 1596 1204 1639 uariis
1230 1595 1484 1639 iactabatur
1503 1595 1812 1649 discursibus,
1833 1595 1933 1640 dies
1959 1607 2133 1640 noctes-

366 1682 456 1725 que
494 1667 645 1711 mariti
683 1667 1072 1724 uestigationibus
1108 1666 1314 1724 inquieta
1350 1666 1528 1720 animo,
1554 1678 1681 1710 tanto
1715 1666 1932 1725 cupidior
1963 1666 2130 1711 iratum

368 1739 468 1782 licet
507 1738 572 1791 ‘si'
621 1753 712 1781 non
762 1738 917 1781 uxoris
961 1737 1201 1781 blanditiis
1246 1737 1408 1791 lenire,
1455 1749 1574 1781 certe
1619 1737 1872 1782 seruilibus
1917 1737 2134 1796 precibus

367 1809 635 1868 propitiare.
682 1810 734 1853 lit
772 1821 1015 1868 prospecto
1051 1809 1227 1867 templo
1261 1809 1465 1867 quodam
1504 1808 1547 1852 in
1584 1809 1717 1853 ardui
1755 1808 1927 1853 montis
1961 1809 2134 1853 uertice

363 1881 501 1924 ‘unde
537 1885 708 1924 autem'
744 1881 895 1938 inquit
926 1880 1054 1932 ‘scio‚
1079 1895 1135 1923 an
1175 1879 1275 1923 istic
1312 1895 1444 1924 meus
1480 1881 1614 1939 degat
1650 1880 1913 1924 dominus²?
1951 1891 1994 1924 et
2028 1879 2133 1924 ilico

365 1951 521 2009 dirigit
545 1951 733 1994 citatum
760 1952 976 2009 gradum,
1003 1966 1141 2009 quem
1170 1951 1400 1994 defectum
1435 1965 1627 2010 prorsus
1656 1951 1865 1995 adsiduis
1896 1951 2135 1995 laboribus

366 2037 469 2080 spes
496 2022 714 2066 incitabat
744 2034 786 2065 et
818 2035 998 2065 uotum.
1035 2023 1228 2080 Iamque
1260 2021 1442 2066 nauiter
1471 2023 1676 2066 emensis
1704 2022 1982 2066 celsioribus
2011 2022 2133 2082 iugis

367 2093 699 2151 puluinaribus
734 2109 830 2137 sese
867 2093 1128 2151 proximam
1166 2093 1336 2136 intulit.
1363 2093 1500 2137 Videt
1534 2093 1684 2152 spicas
1720 2093 2050 2138 frumentarias
2085 2093 2130 2137 in

365 2179 532 2207 aceruo
566 2176 606 2207 et
641 2164 753 2206 alias
787 2164 961 2207 flexiles
995 2164 1038 2207 in
1075 2179 1265 2217 corona,
1292 2177 1334 2208 et
1367 2164 1518 2223 spicas
1553 2164 1714 2209 hordei
1750 2165 1892 2209 uidet.
1924 2165 2067 2209 Erant
2089 2175 2133 2208 et

365 2234 502 2278 falces
521 2247 564 2278 et
587 2250 753 2293 operae
781 2235 1030 2278 messoriae
1047 2236 1257 2279 mundus
1272 2235 1446 2289 omnis,
1465 2236 1542 2280 sed
1560 2248 1724 2280 cuncta
1743 2236 1916 2295 passim
1937 2234 2131 2280 iacentia

365 2318 407 2349 et
433 2306 608 2349 incuria
635 2305 826 2349 confusa
856 2319 898 2349 et
930 2318 978 2350 ut
1008 2307 1123 2349 solet
1152 2318 1278 2350 aestu
1313 2306 1626 2351 laborantium
1660 2307 1880 2351 manibus
1911 2306 2129 2365 proiecta.

370 2378 496 2420 Haec
551 2377 732 2435 singula
791 2377 968 2435 Psyche
1012 2377 1193 2421 curiose
1237 2378 1410 2422 diuidit
1452 2390 1494 2422 et
1537 2378 1772 2422 discretim
1821 2389 1996 2422 remota
2047 2377 2130 2422 rite

366 2447 623 2505 componit.
650 2460 743 2490 rata
770 2448 940 2502 scilicet
966 2448 1142 2492 nullius
1165 2449 1238 2492 dei
1265 2448 1370 2492 fana
1404 2465 1453 2493 ac
1482 2449 1791 2493 caerimonias
1821 2449 2060 2508 neclegere
2084 2463 2130 2492 se

365 2518 553 2564 debere.
585 2520 661 2562 sed
688 2519 902 2562 omnium
932 2519 1200 2563 beniuolam
1229 2520 1597 2565 misericordiam
1624 2535 1885 2579 corrogare.

511 2606 531 2634 ’.ε
573 2591 698 2634 Haec
723 2605 822 2634 eam
851 2590 1043 2634 sollicite
1075 2591 1334 2649 seduloque
1368 2604 1608 2636 curantem
1645 2592 1786 2636 Ceres
1820 2592 1943 2635 alma
1972 2591 2130 2649 depre-

368 2661 526 2705 hendit
542 2673 584 2704 et
602 2662 791 2720 longum
811 2662 1035 2705 exclamat
1061 2663 1275 2721 protinus
1294 2680 1301 2705 :
1317 2663 1421 2707 ‘Ain
1443 2663 1622 2721 Psyche
1644 2662 1923 2706 miseranda!
1952 2662 2129 2706 Totum

368 2747 448 2789 per
471 2732 630 2775 orbem
660 2733 819 2775 Venus
842 2733 975 2776 anxia
999 2733 1327 2791 disquisitione
1353 2746 1486 2777 tuum
1517 2733 1766 2792 uestigium
1799 2732 1958 2777 furens
1981 2731 2127 2776 animi

368 2802 561 2860 requirit
585 2815 721 2861 teque
747 2803 801 2846 ad
827 2815 1084 2847 extremum
1113 2804 1396 2862 supplicium
1424 2804 1594 2862 expetit
1618 2816 1661 2848 et
1691 2804 1797 2848 totis
1822 2802 2032 2847 numinis
2057 2802 2126 2846 sui

370 2873 549 2916 uiribus
585 2873 809 2917 ultionem
849 2874 1036 2932 flagitat„
1083 2887 1128 2918 tu
1179 2890 1290 2919 uero
1328 2890 1483 2919 rerum
1522 2889 1735 2919 mearum
1771 2874 1965 2918 tutelam
2004 2888 2128 2918 nunc

367 2944 486 2994 geris
517 2956 557 2986 et
592 2944 717 2988 aliud
754 2944 1004 3003 quicquain
1045 2946 1218 3003 cogitas
1255 2945 1341 2989 nisi
1380 2947 1435 2990 de
1471 2957 1549 2990 tua
1573 2946 1760 2989 salute’?
1785 2945 1920 2989 Tunc
1947 2944 2128 3004 Psyche

369 3014 506 3070 pedes
532 3015 632 3057 eius
656 3015 876 3059 aduoluta
901 3027 944 3059 et
980 3016 1107 3059 uberi
1135 3018 1241 3059 fletu
1275 3016 1433 3076 rigans
1461 3017 1572 3060 deae
1605 3015 1799 3075 uestigia
1831 3016 2126 3074 humumque

371 3099 559 3126 nerse-ns
583 3086 791 3129 crinibus
815 3086 911 3129 suis
937 3086 1197 3146 multiiugis
1223 3087 1438 3144 precibus
1462 3086 1596 3130 editis
1626 3086 1813 3130 ueniam
1845 3086 2125 3144 postulabat.
