2410 3487
991 227 1286 267 -15-

251 357 400 415 ripam
445 356 686 399 florentem
730 355 887 398 herbis
927 355 1157 412 exposuit.
1199 355 1334 398 Tunc
1375 354 1488 397 forte
1532 356 1627 397 Pan
1670 356 1784 398 deus
1826 356 2023 399 rusticus

253 428 374 471 iuxta
401 427 703 485 supercilium
731 427 884 470 amnis
909 426 1114 477 sedebat,
1139 425 1408 482 complexus
1438 427 1563 468 liclio
1590 438 1861 469 montanam
1888 427 2022 470 deam

251 513 447 556 eamque
495 499 683 541 uoculas
728 498 1028 541 omnimodas
1073 497 1270 540 edocens
1317 496 1573 547 reccinereg
1623 498 1832 554 proxime
1873 498 2020 556 ripam

250 585 369 628 uago
394 581 527 627 pastu
562 569 810 612 lasciuiunt
845 583 1025 611 comam
1062 567 1192 613 fluuii
1230 566 1476 609 tondentes
1510 568 1729 624 capellae.
1762 568 2023 612 Hircuosus

249 640 363 683 deus
398 640 601 683 sauciam
642 641 853 698 Psychen
890 651 1027 696 atque
1061 637 1306 689 defectam,
1340 649 1592 694 utcumque
1629 654 1760 682 casus
1794 639 1893 682 eius
1930 655 2019 682 non

249 711 440 764 inscius,
467 712 718 755 clementer
742 712 797 754 ad
830 726 875 753 se
908 720 1117 752 uocatam
1146 708 1209 750 sic
1234 709 1491 765 permulcet
1519 709 1673 751 uerbis
1700 709 1985 753 lenientibus
2013 728 2020 753 :

245 783 427 826 cPuella
465 783 646 834 scitula,
689 797 791 825 sum
829 781 1018 838 quidem
1066 779 1328 822 rusticanus
1367 790 1409 822 et
1447 779 1611 837 upilio„
1655 781 1733 823 sed
1774 782 2024 824 senectutis

249 854 455 912 prolixae
492 853 717 897 beneficio
754 851 911 895 multis
945 850 1279 908 experimentis
1316 850 1585 894 instructus.
1622 852 1794 895 Verum
1833 852 1868 895 si
1906 864 2023 895 recte

249 926 475 979 coniecto7
502 925 627 983 quod
660 922 865 982 profecto
891 923 1146 980 prudentes
1179 921 1266 964 uiri
1299 921 1643 965 diuinationem
1676 934 1940 976 autumant,
1967 924 2023 967 ab

251 996 336 1040 isto
360 996 590 1040 titubante
626 1007 669 1037 et
705 994 891 1052 saepius
929 993 1200 1036 uaccillante
1241 993 1440 1051 uestigio>
1474 994 1624 1050 deque
1664 993 1810 1037 nimio
1848 995 2023 1052 pallore

249 1067 457 1125 corporis
482 1078 523 1109 et
543 1065 740 1108 adsiduo
761 1065 1004 1122 suspiritu,
1028 1064 1173 1107 immo
1194 1076 1237 1107 et
1261 1064 1374 1122 ipsis
1403 1064 1722 1108 maerentibus
1743 1065 1888 1108 oculis
1914 1065 2021 1111 tuis-

247 1153 406 1181 amore
433 1136 580 1180 nimio
607 1136 806 1179 laboras.
836 1137 959 1195 Ergo
987 1135 1100 1178 milti
1133 1136 1341 1178 ausculta
1367 1150 1451 1178 nec
1483 1148 1523 1178 tc
1558 1152 1718 1179 rursus
1751 1137 2024 1194 praecipitio

248 1209 320 1252 uel
347 1209 442 1252 ullo
468 1208 632 1251 mortis
652 1207 873 1250 accersito
900 1212 971 1260 [te]
998 1222 1165 1265 genere
1188 1207 1408 1265 perimas.
1434 1208 1636 1250 Luctum
1657 1208 1815 1251 desine
1836 1220 1877 1251 et
1902 1223 2023 1266 pone

246 1294 528 1332 maerorem,
586 1278 897 1337 precibusque
952 1278 1107 1336 potius
1162 1278 1448 1336 Cupidinem
1507 1279 1707 1322 deorum
1763 1278 2022 1322 maximum

245 1351 446 1409 percole‚
473 1362 515 1394 et
549 1362 707 1408 utpote
743 1350 1089 1393 adulescentem
1127 1349 1375 1392 delicatum
1415 1349 1805 1408 luxuriosumque
1841 1350 2025 1393 blandis

245 1421 484 1480 obsequiis
510 1436 797 1480 promerere.

389 1500 445 1542 215
481 1498 557 1544 Sic
607 1499 760 1542 locuto
804 1500 890 1542 deo
936 1510 1119 1556 pastore
1164 1498 1390 1555 nulloque
1435 1512 1652 1541 sermone
1709 1498 1890 1542 reddito
1946 1500 2024 1542 sed

244 1571 437 1614 adorato
457 1582 642 1613 tantum
663 1569 856 1613 numine
879 1570 1067 1612 salutari
1093 1569 1274 1628 Psyche
1300 1569 1450 1627 pergit
1471 1569 1548 1612 ire.
1577 1569 1669 1614 Sed
1689 1584 1796 1612 cum
1816 1569 2022 1627 aliquam

244 1642 447 1685 multum
476 1641 579 1684 uiae
615 1641 845 1684 laboranti
872 1641 1069 1700 uestigio
1103 1652 1402 1699 pererrasset,
1430 1640 1577 1684 inscio
1602 1641 1809 1698 quodam
1841 1641 2024 1684 tramite

245 1713 339 1756 iam
363 1714 434 1757 die
462 1714 645 1757 labente
672 1713 845 1756 accedit
870 1713 1108 1770 quandam
1134 1712 1391 1763 ciuitatem„
1419 1712 1465 1755 in
1487 1728 1578 1770 qua
1605 1727 1798 1771 regnum
1829 1713 2025 1756 maritus
2068 1735 2073 1742 ·

246 1785 388 1828 unius
435 1785 609 1828 sororis
654 1784 752 1827 eius
797 1784 1055 1842 optinebat.
1103 1783 1215 1841 Qua
1260 1799 1306 1827 re
1352 1784 1536 1843 cognita
1583 1784 1764 1842 Psyche
1816 1784 2021 1827 nuntiari

245 1855 558 1913 praesentiam
587 1870 719 1899 suam
741 1855 888 1899 sorori
910 1856 1157 1909 desiderat„
1185 1870 1291 1898 mox
1312 1855 1704 1898 incluctamutuis
1729 1855 2025 1913 amplexibus

243 1927 449 1970 alternae
488 1927 782 1970 salutationis
819 1927 1012 1985 expletis
1049 1927 1341 1985 percontanti
1379 1942 1542 1970 causas
1581 1928 1814 1970 aduentus
1851 1927 1921 1970 sui
1960 1927 2023 1970 sic

245 1997 407 2056 incipit
441 2016 448 2040 :
481 1996 759 2041 ‘Meministi
791 1998 1043 2041 consilium
1074 2010 1302 2051 uestrum7
1336 1998 1509 2041 scilicet
1539 2013 1632 2056 quo
1664 1997 1782 2041 mihi
1814 1998 2025 2042 suasistis

245 2081 293 2112 ut
323 2069 539 2123 bestiam,
567 2085 685 2127 quae
718 2069 874 2114 mariti
906 2070 1104 2114 mentito
1136 2070 1328 2113 nomine
1361 2085 1549 2113 mecum
1581 2070 1866 2127 quiescebat,
1894 2069 2023 2128 prius
2067 2093 2087 2117 ¹..

243 2155 386 2197 quam
443 2140 652 2199 ingluuie
698 2141 853 2185 uoraci
898 2156 974 2184 rne
1021 2141 1252 2185 misellam
1300 2141 1507 2185 hauriret
1556 2141 1746 2199 ancipiti
1794 2142 2022 2184 nouacula

243 2211 544 2269 perimerem.
579 2211 660 2257 Set
689 2227 797 2255 cum
828 2212 1057 2270 primum,
1085 2224 1132 2256 ut
1161 2228 1308 2270 aeque
1340 2213 1596 2271 placuerat7
1628 2212 1814 2256 conscio
1846 2212 2024 2255 lumine

244 2283 402 2325 uultus
427 2282 528 2326 eius
552 2283 728 2341 aspexi‚
757 2283 895 2327 uideo
920 2283 1097 2327 mirum
1121 2284 1436 2341 diuinumque
1463 2299 1656 2342 prorsus
1684 2284 2021 2342 spectaculum,

243 2353 399 2411 ipsum
437 2353 567 2397 illum
607 2354 719 2397 deae
754 2354 950 2397 Veneris
986 2354 1154 2409 filium„
1181 2355 1339 2413 ipsum
1374 2355 1570 2413 inquam
1606 2354 1891 2412 Cupidinem
1932 2354 2022 2398 leni

243 2423 398 2480 quiete
438 2424 662 2482 sopitum.
703 2428 769 2469 Ac
808 2426 922 2468 dum
962 2426 1075 2469 tanti
1117 2426 1227 2469 boni
1269 2426 1532 2484 spectaculo
1574 2426 1745 2484 percita
1791 2437 1832 2469 et
1877 2425 2024 2469 nimia

244 2495 501 2552 uoluptatis
546 2497 678 2554 copia
724 2496 908 2540 turbata
949 2496 1133 2540 fruendi
1173 2497 1435 2541 laborarem
1485 2497 1662 2555 inopia,
1705 2512 1811 2540 casu
1852 2497 2025 2541 scilicet

244 2580 465 2623 pessumo
507 2566 694 2610 lucerna
735 2566 922 2611 feruens
957 2568 1114 2611 oleum
1154 2568 1394 2612 rebulliuit
1432 2569 1475 2611 in
1514 2568 1613 2612 eius
1645 2583 1880 2612 umerum.
1910 2568 2023 2625 Quo

243 2637 403 2680 dolore
420 2637 576 2680 statim
594 2653 762 2681 somno
780 2653 994 2682 recussus
1012 2638 1091 2682 ubi
1110 2655 1184 2683 me
1201 2640 1324 2683 ferro
1342 2652 1384 2683 et
1401 2640 1495 2699 igni
1514 2640 1755 2698 conspexit
1773 2651 1998 2684 armatam
2011 2674 2021 2693 ,

238 2707 312 2751 cctu
338 2708 557 2766 quidem³³
580 2708 733 2767 inquit
753 2710 838 2753 c‘ob
866 2710 986 2753 istud
1013 2722 1107 2754 tam
1132 2711 1289 2754 dirum
1316 2711 1496 2755 facinus
1520 2711 1765 2755 confestim
1791 2723 1892 2754 toro
1918 2726 2023 2754 meo

242 2779 425 2823 diuorte
450 2779 628 2838 tibique
654 2796 726 2824 res
750 2792 852 2824 tuas
878 2781 1065 2835 habeto,
1087 2797 1172 2840 ego
1194 2797 1305 2826 uero
1326 2797 1534 2826 sororem
1562 2794 1688 2826 tuam
1710 2809 1754 2814 —-
1780 2794 1822 2825 et
1849 2797 2020 2825 nomen

242 2851 2019 2913 quotucenserisaiebat--iammibiconfestimfarreatisnuptisconiugabo³³.

244 2921 302 2964 Et
325 2921 481 2965 statim
503 2922 723 2981 Zephyro
749 2923 991 2981 praecipit,
1015 2923 1131 2967 ultra
1156 2924 1383 2968 terminos
1408 2940 1483 2968 me
1503 2926 1673 2968 domus
1694 2925 1792 2968 eius
1815 2924 2014 2967 efflaret'.

387 3014 440 3057 27
480 3000 698 3044 Necdum.
719 3015 984 3043 sermonem
1011 3001 1190 3059 Psyche
1211 3001 1411 3055 finierat,
1431 3014 1474 3045 et
1493 3002 1569 3045 illa
1591 3017 1788 3045 uesanae
1811 3001 2022 3045 libidinis

244 3081 285 3112 et
310 3069 515 3114 inuidiae
544 3071 708 3114 noxiae
734 3071 937 3115 stimulis
962 3072 1148 3129 agitata,
1169 3088 1192 3115 e
1213 3088 1257 3116 re
1278 3073 1559 3117 concinnato
1585 3073 1829 3117 mendacio
1855 3072 2018 3116 fallens

2075 1018 2122 1045 l()

2075 1376 2081 1402 ι
2099 1361 2120 1402 5

2067 2430 2088 2473 '3
2097 2446 2122 2469 ‹⁷›

2065 2787 2118 2830 35
