2410 3487
272 995 318 1019 Ιιὶ

271 1349 277 1374 ι
295 1335 315 1375 ἕ·

264 2399 286 2439 ’,ἦ
293 2413 319 2436 O

267 2753 318 2794 1³5

1114 221 1376 260 „4-

369 339 574 396 l'chlicii
605 338 657 379 :td
685 337 958 380 destinatum]
987 349 1185 393 poenam
1217 334 1507 392 elllagitabat.
1549 335 1767 380 Persectis
1803 335 1942 395 igitur
1973 336 2127 381 feralis

366 408 550 451 thalami
580 422 682 449 cnm
712 421 896 449 =summo
924 421 1130 448 maerore
1157 405 1464 448 sollemnibus
1488 417 1582 449 toto
1611 420 1921 465 prosequente
1953 408 2127 466 populo

365 479 525 520 ninum
556 477 824 535 producitur
849 476 1005 522 sunus,
1032 488 1072 519 et
1099 476 1338 519 lacrimosa
1361 475 1538 534 Psyche
1555 476 1802 521 comitatur
1821 491 1912 521 non
1942 477 2127 536 nuptias

364 550 438 591 sed
466 548 706 604 exsequias
732 563 853 590 suas.
883 550 947 590 Ac
977 547 1087 589 dum
1125 546 1283 590 maesti
1321 558 1536 604 parentes
1570 558 1611 590 et
1646 558 1773 591 tanto
1809 548 1931 591 malo
1966 548 2123 606 perciti

365 619 589 662 netarium
638 617 814 660 facinus
855 617 1072 675 perlicere
1112 628 1405 665 cunctantur,
1450 615 1546 674 ipsa
1590 616 1663 660 illa
1710 617 1801 661 filia
1841 618 2011 662 talibus
2049 633 2127 662 eos

363 691 633 732 adhortatur
655 688 874 731 uocibus:
895 688 1040 745 ‘Quid
1070 687 1299 730 infelicem
1319 699 1549 731 senectam
1573 687 1678 730 lletu
1694 688 1877 732 diutino
1891 688 2123 733 cruciatis?

362 761 470 817 quid
514 759 728 817 spiritum
771 771 996 803 uestrum.
1034 758 1110 815 qui
1155 757 1302 816 magis
1342 773 1473 801 meus
1509 770 1591 809 est,
1628 758 1803 802 crebris
1843 758 2127 803 heiulatibus

363 831 581 887 fatigatis}
610 830 721 887 quid
760 829 960 873 lacrimis
992 828 1305 873 inellicacibus
1329 844 1408 872 ora
1447 828 1558 872 milii
1598 830 1865 873 ueneranda
1902 829 2124 874 foedatis?

361 902 470 959 quid
494 901 700 945 laceratis
721 901 763 944 in
789 902 952 944 uestris
972 901 1118 944 oculis
1145 915 1244 943 mea
1273 899 1479 943 lumina?
1507 900 1618 958 quid
1645 900 1860 944 canitiem
1887 900 2124 944 scinditis?

360 973 469 1030 quid
499 985 700 1030 pectora.
725 973 835 1029 quid
864 972 1004 1015 ubera
1031 984 1185 1014 sancta
1211 970 1435 1014 tunditis}
1467 971 1602 1014 liaece
1628 983 1734 1014 sunt
1760 971 1892 1015 vobis
1916 971 2126 1030 egregiae

361 1043 696 1086 tormonsitatis
722 1058 849 1086 meae
877 1043 1107 1100 praeclara
1136 1042 1356 1101 praemia.
1384 1042 1593 1086 Inuidiae
1618 1042 1818 1086 nefariae
1846 1041 1965 1086 letali
1993 1043 2127 1101 plaga

361 1114 562 1172 percussi
591 1129 692 1158 sero
717 1113 910 1157 sentitis.
939 1115 1059 1158 (lum
1086 1126 1245 1171 gentes
1269 1125 1311 1157 et
1336 1114 1494 1171 populi
1523 1113 1809 1157 celebrarent
1844 1129 1927 1157 nos
1951 1112 2127 1157 diuinis

362 1185 634 1229 honoribus.
656 1200 759 1228 cum
785 1200 955 1228 nouam
979 1200 1050 1228 me
1070 1185 1299 1228 Venerem
1321 1200 1399 1228 ore
1419 1200 1628 1228 consono
1652 1197 1996 1243 nuncuparent,
2018 1196 2127 1228 tunc

359 1257 532 1300 dolere.
560 1269 668 1299 tunc
700 1257 825 1302 flere.
853 1268 960 1299 tunc
993 1271 1064 1299 me
1097 1256 1185 1299 iam
1218 1255 1348 1314 quasi
1382 1269 1671 1314 peremptam
1700 1256 1855 1314 lugere
1879 1255 2123 1300 debuistis.

363 1328 456 1370 lam
484 1327 649 1372 sentio.
678 1327 767 1371 iam
796 1326 932 1371 uideo
963 1327 1061 1369 solo
1092 1341 1165 1370 me
1197 1327 1388 1370 nomine
1414 1327 1609 1371 Veneris
1641 1327 1830 1386 perisse.
1862 1326 2024 1371 Ducite
2053 1341 2126 1370 me

359 1411 397 1441 et
423 1398 494 1441 cui
523 1413 620 1441 sors
640 1398 812 1441 addixit
839 1399 1030 1456 scopulo
1055 1397 1216 1441 sistite.
1242 1398 1430 1441 Festino
1455 1398 1607 1441 felices
1633 1397 1740 1441 istas
1767 1397 1953 1456 nuptias
1976 1397 2124 1449 obire,

360 1469 524 1512 festino
548 1484 826 1526 generosum
855 1468 984 1511 illum
1013 1468 1230 1512 maritum
1260 1483 1414 1512 meum
1443 1468 1617 1512 uidere.
1646 1468 1777 1526 Quid
1803 1468 1986 1522 differo,
2012 1467 2124 1526 quid

358 1541 559 1583 detrecto
585 1541 868 1589 uenientem,
895 1539 971 1597 qui
999 1539 1180 1583 deuotis
1205 1551 1248 1582 et
1272 1539 1446 1582 orbatis
1471 1539 1611 1583 exitio
1637 1552 1770 1583 natus
1794 1540 1901 1583 est’}

503 1612 554 1654 35
594 1611 670 1655 Sic
696 1610 872 1668 profata
900 1611 1032 1668 uirgo
1051 1610 1272 1653 conticuit
1298 1610 1604 1669 ingressuque
1631 1610 1719 1653 iam
1746 1610 1900 1653 ualido
1927 1624 2126 1668 pompae

361 1682 517 1739 populi
563 1682 888 1739 prosequentis
928 1696 1024 1724 sese
1064 1681 1263 1724 miscuit.
1307 1681 1403 1725 Itur
1439 1682 1494 1724 ad
1533 1681 1836 1725 constitutum
1879 1681 2125 1740 scopulum

361 1752 530 1796 montis
565 1753 716 1797 ardui.
743 1752 875 1795 cuius
911 1752 954 1795 in
993 1767 1179 1795 summo
1211 1752 1452 1795 cacumine
1489 1764 1703 1796 statutam
1744 1754 1946 1811 puellam
1972 1754 2123 1798 cuncti

360 1825 575 1867 deserunt
606 1825 856 1881 taedasque
888 1823 1119 1882 nuptiales
1149 1823 1321 1881 quibus
1354 1825 1678 1881 praeluxerant
1710 1824 1883 1869 ibidem
1923 1825 2126 1869 lacrimis

360 1895 454 1938 mis
485 1895 705 1938 extinctas
737 1895 1053 1952 relinquentes
1083 1894 1274 1938 deiectis
1304 1895 1536 1953 capitibus
1567 1895 1908 1939 domuitionem
1942 1908 2122 1954 parant.

363 1967 414 2010 lit
449 1966 602 2010 miseri
636 1967 824 2023 quidem
859 1978 1071 2024 parentes
1102 1966 1201 2009 eius
1232 1978 1355 2009 tanta
1388 1967 1516 2010 clade
1538 1965 1722 2018 defessi,
1750 1967 1931 2010 clausae
1957 1968 2126 2012 domus

359 2037 555 2080 abstrusi
598 2037 800 2080 tenebris
841 2049 1090 2095 perpetuae
1136 2037 1256 2080 nocti
1299 2052 1396 2081 sese
1435 2037 1670 2081 dedidere.
1715 2038 1927 2096 Psychen
1971 2051 2125 2082 autem

361 2121 607 2166 pauentem
644 2123 692 2150 ac
718 2108 1026 2166 trepidantem
1054 2121 1095 2151 et
1122 2108 1165 2151 in
1195 2108 1296 2166 ipso
1321 2108 1497 2166 scopuli
1527 2109 1696 2152 uertice
1727 2109 1975 2152 deflentem
2001 2108 2126 2153 mitis

359 2194 467 2222 aura
495 2179 694 2222 molliter
719 2179 939 2237 spirantis
962 2178 1184 2237 Zephyri„
1207 2179 1402 2222 uibratis
1429 2179 1535 2222 hinc
1562 2179 1668 2223 inde
1695 2179 1875 2223 laciniis
1899 2191 1941 2224 et
1966 2180 2126 2224 reflato

360 2250 461 2292 sinu
504 2250 674 2293 sensim
718 2250 915 2293 leuatam
954 2265 1038 2293 suo
1075 2250 1328 2308 tranquillo
1365 2250 1531 2308 spiritu
1570 2251 1747 2294 uehens
1785 2251 2006 2309 paulatim
2046 2265 2127 2310 per

359 2321 530 2364 deuexa
578 2321 706 2379 rupis
749 2321 969 2371 excelsae,
1013 2321 1146 2364 uallis
1206 2321 1418 2365 subditae
1464 2322 1671 2365 florentis
1717 2321 1904 2380 cespitis
1948 2322 2126 2381 gremio

362 2392 521 2435 leniter
546 2393 780 2450 delapsam
808 2392 1012 2435 reclinat.

503 2464 538 2501 V
564 2479 570 2505 ι
599 2463 774 2521 l‘syclie
794 2463 963 2506 teneris
980 2476 1020 2506 et
1040 2463 1251 2507 herbosis
1272 2463 1383 2507 locis
1407 2463 1451 2507 in
1475 2464 1575 2522 ipso
1594 2476 1695 2507 toro
1714 2463 1878 2507 roscidi
1900 2463 2126 2523 graminis

362 2550 502 2576 suaue
530 2534 755 2576 recubans
779 2547 902 2577 tanta
931 2534 1098 2578 mentis
1123 2535 1472 2593 perturbatione
1497 2536 1653 2579 sedata
1678 2535 1811 2578 dulce
1836 2535 2122 2593 conquieuit.

365 2604 554 2661 lamque
593 2605 833 2648 sufficienti
879 2618 1077 2649 recreata
1119 2621 1285 2649 somno
1319 2606 1500 2664 placido
1536 2605 1735 2665 resurgit
1776 2606 1951 2650 animo.
1989 2606 2127 2650 Videt

364 2677 514 2718 lucum
554 2677 755 2733 proceris
788 2689 828 2720 et
857 2677 997 2720 uastis
1034 2677 1282 2720 arboribus
1318 2678 1572 2730 consitum,
1606 2677 1730 2721 uidet
1763 2677 1939 2721 fontem
1978 2677 2126 2721 uitreo

363 2747 492 2789 latice
531 2748 818 2804 perlucidum
864 2749 1018 2791 medio
1059 2748 1145 2791 luci
1190 2748 1464 2792 meditullio.
1511 2749 1663 2807 Prope
1703 2748 1842 2792 fontis
1881 2748 2122 2806 adlapsum

361 2818 529 2860 domus
547 2819 666 2873 regia
688 2831 769 2862 est.
791 2819 1026 2862 aedificata
1045 2834 1136 2862 non
1161 2820 1380 2863 humanis
1403 2820 1619 2863 manibus
1639 2820 1716 2863 sed
1732 2818 1908 2864 diuinis
1927 2818 2121 2862 artibus.

367 2887 460 2930 lam
488 2889 601 2930 scies
625 2889 681 2931 ab
709 2889 898 2932 introitu
927 2891 1078 2947 primo
1101 2890 1173 2933 dei
1199 2891 1460 2949 cuiuspiam
1490 2891 1776 2934 luculentum
1801 2902 1844 2933 et
1871 2903 2121 2933 amoenum

365 2959 521 3001 uidere
547 2972 586 3001 te
611 2957 940 3003 diuersoriiim.
973 2961 1090 3004 Nam
1119 2977 1300 3005 summa
1327 2961 1562 3019 laquearia
1582 2961 1696 3005 citro
1715 2974 1757 3005 et
1781 2961 1919 3004 ebore
1943 2960 2125 3004 curiose

363 3042 519 3072 cauata
543 3031 740 3073 subeunt
761 3046 925 3074 aureae
945 3033 1207 3085 columnae„
1231 3032 1428 3089 parietes
1447 3048 1611 3076 omnes
1631 3044 1849 3089 argenteo
1868 3029 2124 3074 caelamine
