2410 3487
1016 225 1277 269 -3-

252 357 478 416 paruulus
502 356 712 414 delphini
742 356 1016 399 Palaemon.
1048 356 1144 398 lam
1172 354 1343 412 passim
1373 355 1516 397 maria
1545 355 1852 412 persultantes
1871 356 2022 399 Trito-

252 443 365 471 num
391 439 621 480 cateruae,
650 427 722 469 hic
747 427 922 469 concha
949 427 1102 469 sonaci
1131 425 1297 468 leniter
1323 425 1527 479 bucinat,
1551 426 1625 468 ille
1650 426 1796 469 serico
1822 427 2024 485 tegmine

251 498 521 558 flagrantiae
548 497 658 541 solis
683 497 866 540 obsistit
893 497 1090 549 inimici„
1113 496 1232 538 alius
1258 496 1343 538 sub
1367 496 1513 539 oculis
1537 497 1755 540 dominae
1782 498 2021 555 speculum

251 569 474 628 progerit,
501 584 666 612 currus
692 569 873 627 biiuges
908 568 984 611 alii
1011 567 1279 610 subnatant.
1308 567 1437 610 Talis
1468 568 1523 610 ad
1555 567 1801 611 Oceanum
1834 584 2023 626 pergen-

250 653 339 684 tem
367 641 596 683 Venerem
623 639 873 683 comitatur
897 638 1139 681 exercitus.

371 711 425 755 32
464 711 646 754 Interea
666 710 846 768 Psyche
867 724 971 752 cum
993 723 1075 751 sua
1095 708 1182 751 sibi
1202 708 1447 766 perspicua
1469 709 1820 766 pulchritudine
1842 710 2023 752 nullum

251 782 431 826 decoris
468 782 537 825 sui
576 781 776 825 fructum
818 779 1029 838 percipit.
1071 779 1318 836 Spectatur
1353 779 1409 822 ab
1447 779 1686 833 ommium,
1721 780 1935 824 laudatur
1970 781 2025 823 ah

251 853 490 906 omnibus„
518 868 600 896 nec
625 852 894 910 quisquam,
923 865 1016 893 non
1046 865 1138 903 rex,
1167 865 1259 892 non
1287 850 1458 908 regius,
1487 865 1569 893 nec
1594 851 1649 893 de
1684 851 1816 908 plebe
1844 852 2025 901 saltem,

251 925 447 983 cupiens
472 924 571 967 eius
604 923 874 981 nuptiarum
904 921 1072 979 petitor
1102 921 1291 964 accedit.
1322 921 1559 965 Mirantur
1589 922 1778 979 quidem
1812 923 2026 966 diuinam

252 996 471 1054 speciem7
508 995 586 1038 sed
619 1006 666 1037 ut
697 993 1001 1036 simulacrum
1034 992 1162 1036 fabre
1195 992 1390 1050 politum
1427 993 1656 1036 mirantur
1687 1009 1864 1037 omnes,
1897 993 2024 1038 Olim

251 1068 369 1110 duae
414 1065 614 1109 maiores
654 1079 855 1114 sororesq
902 1079 1102 1121 quarum
1144 1075 1448 1121 temperatam
1496 1063 1868 1108 formonsitatem
1911 1065 2025 1108 nulli

251 1137 549 1181 diffamarant
586 1135 766 1194 populi,
807 1135 959 1193 procis
997 1135 1186 1194 regibus
1223 1136 1482 1193 desponsae
1521 1136 1613 1178 iam
1651 1135 1806 1179 beatas
1842 1132 2028 1194 nuptias

251 1208 462 1265 adeptae,
485 1207 563 1250 sed
585 1206 765 1264 Psyche
792 1205 924 1264 uirgo
946 1205 1088 1248 uidua
1108 1205 1236 1248 domi
1258 1205 1468 1249 residens
1487 1206 1626 1249 deflet
1644 1207 1872 1250 desertam
1895 1222 2025 1250 suam

251 1277 575 1331 solitudinem7
597 1292 731 1336 aegra
757 1277 983 1335 corporis„
1008 1277 1152 1320 animi
1175 1277 1348 1329 saucia„
1372 1288 1412 1320 et
1436 1278 1655 1334 quamuis
1679 1278 1898 1337 gentibus
1922 1278 2028 1321 totis

250 1349 576 1407 complacitam
601 1349 700 1392 odit
731 1348 777 1391 in
810 1364 855 1391 se
887 1363 1020 1392 suam
1052 1348 1441 1391 formonsitatem.
1471 1348 1548 1393 Sic
1580 1348 2028 1392 infortunatissimae

251 1420 372 1463 tiliae
397 1419 690 1464 miserrimus
716 1431 844 1477 pater
869 1419 1143 1477 suspectatis
1172 1419 1447 1462 caelestibus
1472 1419 1593 1463 odiis
1618 1432 1659 1463 et
1685 1420 1779 1463 irae
1805 1435 2025 1478 superum

252 1503 466 1535 metuens
490 1491 562 1535 dei
591 1491 764 1534 Milesii
789 1490 1160 1534 uetustissimum
1184 1479 1483 1549 percontatur
1502 1492 1743 1535 oraculum
1765 1504 1808 1534 et
1827 1493 1882 1535 de
1902 1503 2028 1535 tanto

251 1562 446 1605 numine
472 1562 689 1620 precibus
714 1574 756 1605 et
788 1562 991 1605 uictimis
1024 1561 1229 1620 ingratae
1261 1561 1433 1620 uirgini
1466 1562 1579 1620 petit
1610 1563 1797 1621 nuptias
1823 1575 1864 1606 et
1896 1563 2028 1606 mari-

251 1645 367 1677 tum.
407 1633 498 1678 Sed
534 1633 706 1691 Apollo
737 1648 1006 1691 quanquam
1044 1633 1251 1677 Graecus
1286 1644 1328 1675 et
1365 1633 1554 1676 Ionicus
1588 1646 1779 1692 propter
1822 1634 2028 1677 milesiae

252 1704 540 1748 conditorem
568 1704 631 1748 sic
659 1704 824 1748 Latina
849 1716 972 1747 sorte
996 1705 1240 1762 respondit
1268 1720 1275 1747 :

470 1846 508 1877 315
537 1846 669 1877 Montis
692 1846 726 1878 in
750 1846 882 1877 excelsi
906 1847 1072 1887 scopulo,
1097 1856 1169 1884 rex,
1193 1846 1278 1877 siste
1302 1846 1463 1887 puellam

609 1900 785 1931 Ornatam
808 1900 948 1931 mundo
972 1899 1111 1930 funerei
1135 1900 1301 1931 thalami.

536 1953 606 1984 Nec
629 1963 752 1994 speres
774 1963 949 1995 generum
976 1954 1122 1985 mortali
1145 1954 1257 1995 stirpe
1280 1960 1457 1992 creatum,

609 2007 676 2038 Sed
693 2017 847 2038 saeuum
864 2014 973 2048 atque
989 2006 1108 2038 ferum
1125 2007 1394 2048 uipereumque
1410 2007 1564 2046 malum,

538 2060 611 2098 Qui
635 2060 758 2102 pinnis
780 2060 939 2091 uolitans
962 2070 1073 2101 super
1095 2061 1241 2092 aethera
1263 2067 1391 2092 cuncta
1418 2060 1553 2101 fatigat,

610 2114 851 2155 Flammaque
874 2121 906 2145 et
928 2113 1023 2145 ferro
1046 2114 1191 2155 singula
1213 2114 1392 2154 debilitat,

539 2167 622 2205 Quo
645 2167 766 2198 tremit
789 2167 866 2207 ipse
889 2167 1000 2207 Iouisy
1024 2178 1096 2209 quo
1120 2168 1274 2199 numina
1296 2167 1552 2206 territicantur,

611 2221 782 2252 Flumina
804 2230 916 2262 quem
939 2221 1157 2252 horrescunt
1179 2228 1212 2252 et
1234 2221 1378 2263 Stygiae
1400 2224 1581 2253 tenebrae.

400 2354 499 2397 Rex
528 2352 639 2396 olim
676 2353 838 2396 beatus
874 2352 1029 2396 adfatu
1065 2365 1247 2396 sanctae
1275 2352 1623 2396 uaticinationis
1654 2364 1840 2411 accepto
1867 2352 2032 2412 pigens

254 2424 491 2482 tristisque
537 2436 658 2467 retro
703 2424 898 2467 domum
940 2424 1090 2483 pergit
1134 2439 1338 2482 suaeque
1378 2424 1565 2483 coniugi
1612 2435 1855 2482 praecepta
1896 2424 2032 2467 sortis

256 2495 424 2538 enodat
456 2494 699 2538 infaustae.
728 2495 967 2538 Maeretur
995 2495 1131 2539 fletur
1162 2496 1442 2539 lamentatur
1472 2496 1638 2539 diebus
1669 2495 1909 2554 plusculis.
1938 2494 2031 2540 Sed

257 2565 384 2609 dirae
421 2565 558 2609 sortis
595 2565 686 2608 iam
725 2578 892 2625 urguet
927 2578 1069 2610 taeter
1105 2567 1293 2610 effectus
1330 2584 1337 2609 :
1377 2566 1467 2610 iam
1506 2566 1720 2610 feralium
1760 2566 2031 2624 nuptiarum

259 2637 549 2681 miserrimae
574 2637 747 2696 uirgini
768 2637 1042 2696 choragium
1069 2639 1279 2693 struiturq
1303 2638 1393 2682 iam
1419 2640 1577 2682 taedae
1599 2639 1756 2682 lumen
1783 2650 1906 2681 atrae
1933 2637 2031 2680 fuli-

202 2709 204 2711 ’
256 2708 378 2767 ginis
401 2708 555 2752 cinere
584 2708 839 2762 marcescit,
866 2721 909 2752 et
933 2724 1078 2752 sonus
1102 2710 1243 2753 tibiae
1274 2710 1432 2768 zygiae
1464 2721 1671 2753 mutatur
1703 2710 1747 2751 in
1780 2709 2028 2766 querulum

259 2779 464 2823 Ludium
492 2780 684 2823 modum
710 2791 968 2837 cantusque
989 2780 1135 2824 laetus
1161 2781 1411 2839 hymenaei
1438 2781 1624 2839 lugubri
1653 2780 1812 2823 finitur
1832 2780 2031 2829 ululattn
2075 2793 2093 2807 ·‘

257 2863 300 2894 et
324 2851 477 2909 puella
504 2863 706 2908 nuptura
731 2851 936 2910 deterget
962 2852 1176 2895 lacrimas
1207 2852 1308 2910 ipso
1340 2868 1424 2895 suo
1454 2853 1690 2895 flammeo.
1720 2851 1796 2897 Sic
1829 2850 2031 2894 adfectae

257 2923 426 2965 domus
471 2921 598 2965 triste
643 2921 787 2965 fatum
835 2934 999 2966 cuncta
1046 2923 1183 2966 etiam
1236 2923 1401 2966 ciuitas
1447 2923 1769 2981 congemebat„
1813 2923 2031 2979 luctuque

259 2992 447 3050 publico
471 2993 717 3037 confestim
743 3008 1007 3052 congruens
1032 2994 1228 3037 edicitur
1253 2994 1497 3037 iustitium.

405 3064 462 3120 34
496 3064 587 3109 Sed
645 3064 834 3107 monitis
898 3065 1174 3108 caelestibus
1236 3066 1426 3122 parendi
1490 3065 1738 3108 necessitas
1803 3065 2030 3108 misellam

2068 637 2090 678 Q]

2078 1011 2125 1037 1()

2078 1353 2124 1394 15

2075 2430 2129 2472 'Bo

2075 2810 2096 2835 a
2107 2794 2127 2835 5
