2410 3487
254 1388 259 1414 ι
277 1374 298 1414 5

246 2445 302 2488 3«)

248 2800 301 2842 '33

347 364 504 421 pansis
549 363 785 420 utrimque
831 362 990 420 pinnis
1039 362 1170 406 affuit
1210 363 1360 422 {rapax
1411 364 1566 422 aquila
1619 379 1895 424 memorque
1940 366 2111 410 ueteris

345 434 576 491 obsequii.
605 448 698 489 quo
722 434 862 476 ductu
890 433 1143 491 Cupidinis
1170 433 1270 477 Ioui
1299 434 1616 492 pocillatorem
1651 436 1913 496 Phrygium
1939 438 2110 480 sustul-

345 517 456 548 erat.
493 517 774 561 oportunam
814 503 965 547 ferens
1001 519 1138 562 opem
1176 504 1346 563 deique
1380 520 1553 549 numen
1596 505 1637 549 in
1679 507 1835 550 uxoris
1872 507 2112 552 laboribus

346 575 585 632 percolens
609 574 684 616 alti
712 574 933 618 culminis
957 574 1101 618 diales
1127 575 1227 618 uias
1260 575 1449 629 deserit,
1474 589 1516 619 et
1540 576 1600 619 ob
1625 592 1676 620 os
1707 578 1889 635 puellae
1914 593 2112 636 praeuo-

346 646 443 687 lans
489 644 650 702 incipit
698 663 704 687 :
749 644 823 688 ‘At
869 658 914 688 tu
961 645 1157 703 simplex
1202 646 1411 704 alioquin
1459 659 1501 690 et
1545 662 1707 705 expers
1751 662 1906 691 rerum
1947 648 2110 692 talium

345 731 597 773 sperasque
638 728 678 758 te
719 716 998 759 sanctissimi
1046 731 1128 760 nec
1170 717 1327 760 minus
1378 718 1627 762 truculenti
1671 718 1811 762 fontis
1850 719 1923 762 uel
1968 734 2111 763 unam

344 787 514 829 stillam
542 801 676 844 posse
703 786 843 830 furari
872 787 944 830 uel
971 787 1169 831 omnino
1193 787 1479 847 contingere.
1510 789 1610 833 Diis
1634 789 1771 833 etiam
1801 789 1983 848 ipsique
2010 790 2111 834 Ioui

344 857 666 901 formidabiles
691 872 835 915 aquas
862 858 970 901 istas
995 858 1181 917 Stygias
1202 859 1271 902 uel
1294 858 1437 903 fando
1456 860 1754 918 comperisti}
1781 861 2004 918 quodque
2029 876 2114 904 uos

343 928 559 972 deieratis
592 943 674 986 per
699 929 894 972 numina
919 930 1135 978 deorurm
1161 930 1273 973 deos
1308 946 1389 988 per
1423 930 1579 989 Stygis
1611 931 1899 975 maiestatem
1937 931 2112 976 solere?

344 1001 420 1043 sed
463 1001 576 1043 cedo
618 1000 751 1043 istam
798 999 1046 1044 urnulam'.
1077 1001 1134 1045 Et
1179 1002 1395 1059 protinus
1438 1003 1684 1061 adreptum
1731 1003 2115 1060 completumque

344 1071 527 1114 festinat
578 1071 851 1130 libratisque
907 1072 1161 1130 pinnarum
1221 1073 1489 1116 nutantium
1539 1074 1746 1117 molibus
1802 1073 1920 1117 inter
1972 1088 2114 1133 genas

343 1141 656 1185 saeuientium
698 1142 911 1186 dentium
953 1155 996 1186 et
1035 1143 1223 1187 trisulca
1261 1144 1528 1188 uibramina
1565 1145 1826 1188 draconum
1862 1143 2114 1203 remigium

343 1214 500 1257 dextra
547 1214 772 1271 laeuaque
815 1216 1060 1272 porrigens
1100 1215 1310 1258 nolentes
1349 1231 1494 1273 aquas
1535 1228 1578 1259 et
1620 1227 1669 1259 ut
1707 1215 1855 1259 abiret
1894 1211 2115 1259 innoxius

344 1284 691 1341 praeminantes
722 1284 907 1342 excipit„
933 1297 1231 1328 commentus
1261 1286 1320 1329 ob
1357 1285 1535 1330 iussum
1570 1286 1765 1330 Veneris
1790 1298 1944 1344 petere
1978 1286 2114 1344 eique

343 1372 388 1397 se
415 1355 820 1413 praeministrare:
848 1371 993 1413 quare
1019 1357 1158 1414 paulo
1183 1356 1361 1400 facilior
1385 1358 1589 1401 adeundi
1616 1357 1702 1401 fuit
1725 1357 1874 1410 copia.

494 1433 542 1475 ιε’)
577 1431 654 1477 Sic
677 1445 913 1491 acceptam
940 1448 1045 1476 cum
1073 1434 1245 1492 gaudio
1271 1434 1457 1492 plenam
1487 1435 1707 1478 urnulam
1737 1434 1917 1493 Psyche
1943 1435 2111 1478 Veneri

342 1503 474 1546 citata
500 1503 690 1547 rettulit.
720 1504 818 1547 Nec
851 1515 1005 1547 tamen
1046 1516 1213 1548 nutum
1239 1506 1352 1549 deae
1389 1505 1643 1549 saeuientis
1680 1506 1754 1548 uel
1790 1517 1900 1548 tunc
1930 1505 2115 1564 expiare

343 1573 509 1632 potuit.
531 1575 653 1618 Nam
673 1574 736 1618 sic
753 1589 854 1618 eam
873 1575 1052 1619 maiora
1069 1587 1140 1633 atq
1151 1591 1206 1619 ue
1222 1576 1380 1634 peiora
1394 1576 1564 1636 flagitia
1579 1576 1878 1620 comminans
1894 1577 2113 1635 appellat,

343 1645 564 1688 renidens
589 1645 821 1689 exitiabile
858 1663 866 1689 ;
896 1647 1010 1689 ‘Iam
1050 1658 1096 1690 tu
1133 1647 1322 1705 quidem
1360 1661 1493 1706 maga
1529 1647 1704 1691 uideris
1734 1648 1963 1705 quaedam
1998 1646 2114 1691 mihi

342 1729 383 1759 et
408 1716 496 1759 alta
522 1731 714 1774 prorsus
740 1718 965 1770 malefica,
992 1733 1111 1776 quae
1142 1718 1314 1762 talibus
1345 1718 1603 1777 praeceptis
1634 1718 1751 1762 meis
1780 1718 2114 1777 obtemperasti

343 1787 540 1831 nauiter.
570 1787 661 1834 Sed
699 1788 852 1832 adhuc
888 1788 1029 1840 istud,
1055 1803 1158 1832 mea
1196 1790 1391 1848 pupula,
1432 1789 1697 1833 ministrare
1731 1789 1939 1834 debebis.
1967 1788 2114 1836 Sume

343 1858 476 1901 istam
505 1859 738 1918 pyxidem³
764 1885 813 1890 —
839 1872 882 1903 et
905 1860 1032 1904 dedit
1054 1887 1110 1892 —
1131 1859 1458 1919 ‘protinusque
1483 1862 1539 1905 ad
1564 1860 1739 1904 inferos
1763 1873 1805 1904 et
1830 1861 1978 1920 ipsius
2001 1859 2113 1906 Orci

342 1929 505 1973 ferales
542 1942 732 1988 penates
768 1943 810 1974 te
847 1932 1005 1991 derige
1043 1943 1085 1975 et
1109 1944 1219 1975 tunc
1244 1931 1487 1976 conferens
1512 1932 1731 1991 pyxidem
1764 1932 2075 1990 Proserpinae
2103 1948 2111 1976 :

338 2001 479 2060 “petit
498 2002 554 2045 de
573 2013 614 2045 te
635 2001 820 2046 Venus”
837 2003 978 2046 dicito
997 2001 1262 2047 “modicum
1285 2004 1340 2047 de
1364 2015 1441 2047 tua
1462 2004 1617 2048 mittas
1636 2004 1676 2047 ei
1696 2003 2021 2048 formonsitate
2040 2004 2114 2048 uel

342 2073 396 2115 ad
425 2088 569 2116 unam
594 2074 755 2117 saltem
781 2074 1012 2118 dieculam
1039 2074 1287 2118 sufficiens.
1317 2076 1441 2118 Nam
1466 2075 1593 2133 quod
1619 2075 1801 2129 habuit,
1823 2076 1937 2119 dum
1964 2074 2114 2119 filium

342 2157 470 2188 curat
514 2157 776 2204 aegrotum,
828 2146 1123 2204 consumpsit
1167 2159 1304 2204 atque
1348 2147 1569 2190 contriuit
1612 2144 1793 2190 omne³'.
1852 2146 1943 2192 Sed
1989 2146 2115 2191 haud

343 2216 644 2260 immaturius
670 2217 834 2271 redito,
860 2217 970 2275 quia
1003 2233 1075 2261 me
1108 2232 1292 2262 necesse
1317 2229 1384 2262 est
1415 2217 1622 2262 indidem
1657 2217 1848 2262 delitam
1879 2217 2115 2277 theatrum

342 2287 537 2331 deorum
564 2286 887 2346 frequentare².

494 2374 540 2416 ¹7
577 2359 713 2402 Tunc
740 2359 921 2418 Psyche
954 2360 1027 2403 uel
1063 2360 1266 2403 maxime
1300 2360 1443 2403 sensit
1479 2360 1667 2404 ultimas
1701 2359 1912 2404 fortunas
1934 2374 2041 2404 suas
2073 2371 2115 2404 et

345 2429 612 2473 uelamento
650 2430 817 2474 reiecto
854 2431 908 2474 ad
940 2443 1216 2489 promptum
1254 2430 1446 2474 exitium
1486 2446 1584 2474 sese
1613 2430 1831 2489 compelli
1870 2430 2115 2475 manifeste

342 2501 586 2558 comperit.
615 2500 831 2559 Quidni}
859 2518 978 2560 quae
1008 2503 1105 2545 suis
1135 2502 1335 2560 pedibus
1367 2502 1488 2546 ultro
1518 2503 1574 2546 ad
1606 2513 1829 2546 tartarum
1856 2517 2114 2560 manesque

343 2587 609 2616 commeare
648 2584 906 2631 cogeretur.
945 2574 1042 2618 Nec
1082 2585 1295 2617 cunctata
1334 2573 1513 2617 diutius
1553 2572 1703 2632 pergit
1741 2573 1796 2616 ad
1838 2573 2112 2632 quampiam

345 2644 508 2686 turrim
533 2645 783 2701 praealtam
809 2644 1016 2688 indidem
1038 2660 1136 2688 sese
1155 2645 1319 2688 datura
1341 2645 1671 2703 praecipitemg
1698 2644 1761 2688 sic
1780 2644 1907 2688 enim
1928 2644 2116 2688 rebatur

344 2714 399 2757 ad
427 2714 598 2757 inferos
624 2728 742 2759 recta
768 2728 904 2774 atque
930 2715 1248 2774 pulcherrime
1278 2732 1323 2759 se
1355 2731 1490 2774 posse
1524 2717 1822 2760 descendere.
1856 2715 1948 2762 Sed
1973 2715 2114 2760 turris

346 2786 611 2843 prorumpit
656 2786 698 2829 in
741 2802 901 2831 uocem
948 2787 1149 2830 subitam
1196 2799 1238 2830 et
1280 2805 1288 2830 :
1328 2785 1455 2844 ‘quid
1491 2784 1548 2831 te³
1583 2787 1735 2845 inquit
1774 2785 2111 2845 ‘praecipitenu

344 2871 371 2898 o
411 2857 608 2909 misella7
650 2858 836 2915 quaeris
874 2858 1172 2917 extinguere}
1214 2859 1423 2916 quidque
1467 2858 1555 2901 iam
1605 2857 1866 2902 nouissimo
1905 2857 2113 2916 periculo

346 2927 587 2984 laborique
614 2928 700 2971 isto
724 2940 898 2972 temere
923 2929 1221 2973 succumbis}
1251 2944 1357 2972 nam
1386 2929 1419 2972 si
1442 2929 1634 2987 spiritus
1655 2943 1848 2987 corpore
1868 2940 1949 2972 tuo
1968 2929 2111 2972 semel

346 2997 482 3041 fuerit
512 2999 765 3053 seiugatus,
794 2999 880 3042 ibis
911 3001 1100 3057 quidem
1135 3000 1340 3059 profecto
1370 3001 1425 3044 ad
1451 3000 1601 3044 imum
1626 3011 1871 3054 tartarum,
1897 2999 1974 3043 sed
2004 2999 2113 3045 inde

348 3069 477 3112 nullo
503 3082 634 3128 pacto
660 3070 807 3114 redire
834 3071 1020 3129 poteris
1050 3071 1169 3114 Mihi
1197 3072 1420 3115 ausculta.
