2410 3487
1036 276 1075 281 --
1143 265 1163 292 J
1230 274 1285 280 —.—

266 389 594 436 conteguntur7
637 377 795 421 bestiis
835 390 877 421 et
917 378 960 421 id
1006 393 1152 436 genus
1198 378 1456 436 pecudibus
1495 378 1850 422 occurrentibus
1889 380 1947 423 ob
1987 397 2037 423 os

267 448 624 492 introeuntium.
650 449 802 492 Mirus
828 464 1042 506 prorsum
1067 450 1226 501 homo„
1250 449 1395 491 immo
1415 449 1650 492 semideus
1672 450 1744 492 uel
1765 462 1884 493 certe
1904 451 2034 501 deus„

266 519 343 576 qui
373 534 569 577 magnae
602 519 711 562 artis
747 519 999 577 suptilitate
1034 531 1216 562 tantum
1248 519 1456 562 efferauit
1486 532 1748 577 argentum.
1779 520 2037 564 Enimuero

266 590 537 648 pauimenta
570 590 668 648 ipsa
701 591 852 648 lapide
884 591 1085 648 pretioso
1115 589 1283 633 caesim
1317 589 1561 632 deminuto
1595 591 1639 633 in
1674 591 1801 633 uaria
1832 591 2037 648 picturae

265 676 434 719 genera
465 661 864 704 discriminantur.
894 661 1209 704 Vehementer
1234 660 1402 703 iterum
1428 675 1477 702 ac
1508 661 1693 718 saepius
1726 661 1883 704 beatos
1915 662 2035 713 illos„

265 732 344 791 qui
371 731 570 790 superbe
603 747 812 790 gemmas
843 744 884 775 et
916 731 1109 774 monilia
1144 731 1344 773 calcant!
1382 731 1478 773 Iam
1512 742 1687 774 ceterae
1724 744 1875 789 partes
1902 733 2036 791 longe

267 806 450 861 lateque
467 803 720 861 dispositae
754 804 924 845 domus
941 801 2034 860 sinepretiopretiosaetotiqueparietessolidati

266 875 431 918 massis
475 874 628 917 aureis
673 874 921 931 splendore
968 873 1159 930 proprio
1204 885 1465 926 coruscant,
1505 885 1553 916 ut
1597 873 1719 916 diem
1767 889 1902 917 suum
1950 874 2035 917 sibi

265 947 434 990 domus
465 945 599 988 faciat
625 945 726 987 licet
751 945 845 986 sole
872 944 1085 990 nolente:
1119 943 1182 986 sic
1213 944 1444 991 cubicula,
1473 944 1534 987 sic
1567 944 1790 1002 porticus7
1818 945 1880 988 sic
1912 945 2037 1003 ipsae

265 1017 458 1060 balneae
483 1016 736 1074 fulgurant.
766 1016 862 1058 Nec
889 1015 1030 1057 setius
1055 1030 1168 1072 opes
1193 1027 1368 1058 ceterae
1396 1015 1620 1059 maiestati
1649 1017 1818 1059 domus
1852 1031 2037 1074 respon-

264 1088 391 1140 dent„
421 1099 467 1130 ut
492 1086 708 1143 equidem
737 1086 851 1128 illud
878 1097 996 1128 recte
1023 1085 1240 1129 uideatur
1264 1087 1319 1129 ad
1346 1087 1751 1130 conuersationem
1781 1087 2037 1135 humanam

264 1173 435 1216 magno
463 1157 562 1200 Ioui
592 1156 867 1199 fabricatum
893 1157 1085 1199 caeleste
1112 1157 1355 1214 palatium.

407 1242 429 1270 2
468 1228 669 1271 Inuitata
689 1228 870 1286 Psyche
887 1228 1048 1271 talium
1068 1229 1277 1271 locorum
1300 1228 1608 1272 oblectatione
1633 1230 1827 1287 propius
1850 1231 2039 1273 accessit

263 1311 305 1342 et
344 1299 483 1357 paulo
521 1299 740 1342 fidentior
781 1299 898 1342 intra
941 1299 1082 1342 limen
1125 1315 1222 1342 sese
1259 1299 1383 1346 faciti
1421 1315 1527 1343 mox
1566 1301 1848 1358 prolectante
1884 1301 2038 1344 studio

263 1370 608 1428 pulcherrimae
635 1370 832 1413 uisionis
858 1370 1054 1413 rimatur
1079 1370 1261 1429 singula
1287 1382 1328 1413 et
1353 1371 1627 1414 altrinsecus
1653 1372 1836 1415 aedium
1871 1373 2038 1416 horrea

262 1441 453 1484 sublimi
487 1441 658 1485 fabrica
696 1442 894 1499 perfecta
932 1442 1210 1501 magnisque
1247 1454 1463 1500 congesta
1499 1442 1624 1501 gazis
1656 1443 1897 1501 conspicit.
1941 1445 2037 1488 Nec

263 1524 328 1555 est
353 1512 603 1570 quicquam
637 1513 763 1570 quod
791 1513 851 1556 ibi
880 1528 972 1556 non
1000 1525 1082 1556 est.
1111 1512 1202 1558 Sed
1229 1526 1411 1571 praeter
1435 1526 1634 1557 ceteram
1662 1526 1893 1558 tantarum
1922 1515 2037 1558 diui-

262 1584 431 1627 tiarum
473 1584 831 1627 admirationem
876 1585 960 1627 hoc
1002 1596 1096 1628 erat
1133 1585 1382 1642 praecipue
1429 1585 1698 1633 mirificum
1743 1587 1867 1643 quod
1909 1587 2037 1629 nullo

263 1655 471 1708 uinculo,
505 1656 633 1698 nullo
670 1657 888 1709 claustro„
926 1656 1054 1699 nullo
1091 1657 1280 1699 custode
1318 1656 1459 1699 totius
1494 1656 1621 1700 orbis
1658 1658 1937 1700 thensaurus
1964 1658 2037 1701 ille

261 1727 578 1771 muniebatur.
611 1729 738 1771 Haec
769 1728 806 1771 ei
836 1743 1018 1771 summa
1050 1743 1154 1771 cum
1190 1728 1428 1786 uoluptate
1462 1728 1629 1771 uisenti
1662 1729 1793 1772 offert
1825 1745 1922 1772 sese
1949 1745 2035 1773 uox

261 1799 491 1856 quaedam
514 1799 723 1857 corporis
740 1799 810 1842 sui
829 1800 951 1842 nuda
970 1811 1011 1842 et
1027 1798 1170 1857 ‘quid'
1187 1798 1575 1857 inquit‘domina„
1591 1800 1732 1843 tantis
1747 1801 2037 1859 obstupescis

261 1869 461 1927 opibus}
494 1882 571 1913 tua
597 1883 704 1914 sunt
740 1871 849 1914 haec
874 1871 1050 1914 omnia.
1091 1871 1297 1914 Prohinc
1333 1871 1548 1915 cubiculo
1574 1883 1614 1915 te
1649 1871 1768 1915 refer
1791 1884 1834 1915 et
1869 1873 2036 1915 lectulo

262 1941 586 1985 lassitudinem
628 1942 785 1986 refoue
826 1955 868 1985 et
906 1957 958 1986 ex
998 1942 1190 1986 arbitrio
1230 1943 1468 1986 lauacrum
1512 1955 1630 2001 pete.
1676 1945 1792 1992 Nos„
1835 1960 2033 2001 quarum

263 2027 399 2055 uoces
438 2013 626 2071 accipis„
668 2026 772 2057 tuae
812 2014 1031 2068 famulae,
1074 2015 1236 2057 sedulo
1276 2014 1357 2057 tibi
1403 2014 1909 2072 praeministrabimus„
1954 2031 2035 2058 nec

259 2084 468 2142 corporis
493 2097 676 2128 curatae
706 2085 785 2128 tibi
816 2085 990 2144 regales
1016 2086 1180 2143 epulae
1205 2083 1544 2129 morabuntur-³.

404 2155 426 2198 3
464 2155 2032 2216 SensitPsychediuinaeprouidentiaebeatitudinemmonitusque„

261 2241 397 2269 uoces
422 2226 646 2270 informes
667 2227 879 2277 audiens„
901 2240 944 2271 et
969 2227 1099 2286 prius
1124 2243 1291 2271 somno
1312 2240 1353 2271 et
1379 2243 1482 2271 mox
1505 2229 1690 2272 lauacro
1714 2228 2032 2287 fatigationem

259 2298 329 2340 sui
356 2298 510 2349 diluit‚
548 2299 744 2356 uisoque
785 2299 937 2342 statim
976 2300 1189 2357 proximo
1222 2300 1548 2344 semirutundo
1574 2312 1811 2359 suggestu„
1845 2314 2035 2358 propter

260 2368 624 2413 instrumentum
673 2371 960 2413 cenatorium
1009 2383 1104 2414 rata
1149 2371 1337 2414 refectui
1384 2387 1468 2414 suo
1513 2360 1835 2420 commodum,
1883 2372 2033 2415 libens

258 2440 505 2484 accumbit.
557 2442 612 2485 Et
658 2441 762 2484 ilico
810 2441 906 2485 uini
961 2443 1161 2486 nectarei
1213 2443 1518 2500 eduliumque
1571 2443 1809 2486 uariorum
1861 2443 2033 2487 fercula

258 2512 445 2570 copiosa
473 2513 602 2556 nullo
628 2513 859 2556 seruiente
884 2515 963 2557 sed
989 2525 1169 2557 tantum
1197 2514 1363 2572 spiritu
1390 2515 1593 2572 quodam
1628 2515 1829 2573 impulsa
1860 2515 2031 2558 submi-

259 2583 531 2627 nistrantur.
572 2585 671 2628 Nec
707 2599 976 2642 quenquam
1019 2597 1174 2629 tamen
1218 2586 1293 2629 illa
1335 2586 1494 2629 uidere
1535 2598 1731 2644 poterat7
1770 2587 1847 2629 sed
1890 2587 2031 2630 uerba

194 2700 197 2701 ⁷
257 2667 438 2698 tantum
475 2655 694 2698 audiebat
724 2656 983 2699 excidentia
1021 2668 1063 2700 et
1099 2657 1219 2700 solas
1259 2673 1395 2701 uoces
1429 2657 1628 2700 famulas
1663 2658 1879 2701 habebat.
1921 2659 2032 2701 Post

256 2725 439 2784 opimas
458 2727 600 2784 dapes
618 2727 806 2784 quidam
832 2727 1093 2771 introcessit
1109 2740 1151 2771 et
1167 2728 1372 2772 cantauit
1393 2728 1591 2782 inuisus,
1610 2741 1652 2772 et
1667 2729 1785 2772 alius
1805 2729 2027 2772 citharam

257 2797 478 2855 pulsauit7
521 2814 638 2855 quae
679 2798 927 2842 uidebatur
963 2813 1045 2841 nec
1082 2799 1197 2857 ipsa.
1237 2801 1372 2843 Tunc
1411 2800 1675 2843 modulatae
1714 2800 2030 2844 multitudinis

255 2868 462 2912 conferta
507 2884 594 2912 uox
640 2885 775 2913 aures
814 2869 914 2913 eius
960 2869 1182 2923 adfertur,
1226 2883 1289 2925 ut,
1332 2871 1550 2928 quamuis
1592 2871 1841 2914 hominum
1891 2887 2029 2915 nemo

256 2952 456 2996 pareret,
482 2940 652 2984 chorus
678 2952 829 2984 tamen
858 2956 956 2984 esse
983 2953 1173 2998 pateret.

396 3025 425 3066 4
463 3011 627 3055 Finitis
659 3011 980 3069 uoluptatibus
1000 3027 1195 3071 uespera
1215 3014 1439 3056 suadente
1460 3013 1672 3056 concedit
1699 3013 1877 3071 Psyche
1904 3013 2026 3056 cubi-

254 3092 370 3124 tum.
394 3082 586 3139 Iamque
603 3094 820 3140 prouecta
841 3095 972 3126 nocte
989 3083 1194 3126 clemens
1209 3084 1400 3141 quidam
1418 3099 1560 3128 sonus
1574 3099 1708 3128 aures
1723 3085 1822 3128 eius
1836 3085 2023 3127 accedit.

2089 1039 2094 1065 Ι
2111 1039 2136 1066 O

2089 1395 2094 1421 ι
2112 1381 2134 1422 5

2080 1750 2135 1778 ’.ΞΟ

2076 2449 2096 2491 ‘5
2105 2463 2130 2489 o

2073 2805 2125 2843 aa
