2410 3487
1017 264 1281 302 „9-

270 375 412 419 immo
439 389 521 417 nec
546 373 743 417 omnino
768 374 1018 431 quicquam
1051 375 1106 417 de
1138 375 1237 417 eius
1269 374 1414 417 salute
1441 374 1667 417 norimus.
1697 374 1776 419 Sat
1801 386 1885 427 est,
1911 376 2035 431 quod

270 445 395 502 ipsae
444 444 651 487 uidimus
696 459 813 501 quae
860 444 1033 488 uidisse
1079 444 1323 502 paenituit,
1365 445 1535 487 nedum
1579 456 1626 487 ut
1664 445 1956 503 genitoribus
1996 458 2037 488 et

266 514 488 558 omnibus
513 515 701 572 populis
726 527 816 558 tam
844 516 1030 558 beatum
1053 515 1152 558 eius
1171 515 1442 558 differamus
1462 516 1782 572 praeconium.
1808 517 1904 559 Nec
1930 528 2037 559 sunt

267 585 391 629 enim
429 585 548 628 beati
585 601 786 643 quorum
812 586 1001 629 diuitias
1037 601 1176 629 nemo
1209 585 1357 628 nouit.
1386 585 1509 630 Sciet
1544 601 1589 628 se
1625 601 1715 628 non
1743 587 1933 629 ancillas
1959 588 2035 629 sed

266 671 448 700 sorores
475 657 644 700 habere
671 657 884 700 maiores.
917 657 972 700 Et
998 672 1120 699 nunc
1145 656 1337 713 quidem
1363 656 1672 699 concedamus
1699 657 1752 699 ad
1782 658 1970 699 maritos
1996 669 2036 700 et

268 728 385 771 lares
410 743 639 785 pauperes
665 740 848 771 nostros
879 728 957 770 sed
983 728 1118 785 plane
1144 726 1326 769 sobrios
1359 726 1637 779 retiis-amus,
1665 727 1839 784 diuque
1871 728 2036 786 cogita-

267 798 475 841 tionibus
501 798 814 853 pressioribus
834 798 1084 841 instructae
1104 799 1158 840 ad
1181 797 1451 854 superbiam
1475 798 1785 854 poeniendam
1810 798 2038 841 firmiores

267 867 540 913 redeamus³.

418 956 457 983 ιι
504 941 658 983 Placet
683 955 767 998 pro
793 940 916 982 bono
948 939 1131 982 duabus
1163 940 1296 982 malis
1329 940 1503 982 malum
1536 939 1803 987 consilium,
1837 939 2037 996 totisque

269 1011 357 1055 illis
374 1024 464 1054 tam
484 1011 699 1069 pretiosis
719 1010 998 1054 muneribus
1019 1010 1304 1053 absconditis
1325 1025 1505 1053 comam
1525 1010 1761 1053 trahentes
1781 1021 1822 1052 et
1843 1010 2038 1067 proinde

268 1094 315 1126 ut
347 1082 647 1125 merebantur
679 1096 758 1124 ora
791 1082 1044 1124 lacerantes
1080 1082 1322 1125 simulatos
1358 1081 1674 1139 redintegrant
1707 1081 1856 1123 fletus.
1885 1085 1950 1124 Ac
1976 1082 2038 1124 sic

266 1165 480 1211 parentes
519 1168 706 1210 quoque
747 1153 1036 1196 redulcerato
1077 1167 1293 1210 prorsum
1331 1153 1491 1195 dolore
1530 1152 1697 1209 raptim
1735 1153 2036 1204 deterrentes„

265 1223 456 1267 uesania
486 1223 696 1282 turgidae
727 1225 896 1267 domus
931 1239 1037 1266 suas
1070 1224 1379 1276 contendunt,
1405 1223 1566 1266 dolum
1603 1223 1866 1275 scelestum,
1893 1223 2039 1266 immo

267 1310 377 1338 uero
392 1294 696 1352 parricidium
712 1307 942 1338 struentes
955 1307 1115 1338 contra
1133 1310 1338 1338 sororem
1357 1295 1607 1337 insontem.
1628 1294 1808 1337 Interea
1826 1295 2035 1352 Psychen

266 1366 460 1409 maritus
486 1366 561 1408 ille
586 1381 725 1422 quern
753 1366 896 1409 nescit
922 1382 1107 1409 rursum
1135 1367 1231 1409 suis
1258 1366 1347 1408 illis
1379 1366 1621 1409 nocturnis
1653 1366 1951 1408 sermonibus
1976 1367 2038 1407 sic

265 1448 533 1480 commonet
574 1436 849 1487 z‘Videsne„
886 1449 1114 1494 quantum
1154 1437 1235 1480 tibi
1279 1437 1537 1494 periculum
1579 1436 1796 1479 uelitatur
1833 1437 2039 1479 Fortuna

266 1508 481 1551 eminus}
510 1523 577 1561 ac,
605 1508 693 1550 nisi
721 1509 855 1566 longe
887 1509 1081 1552 firmiter
1112 1524 1379 1566 praec-aues„
1409 1523 1513 1550 mox
1545 1508 1812 1550 comminus
1851 1522 2038 1565 congre-

265 1579 433 1622 dietus.
478 1580 691 1623 Perfidae
738 1580 924 1638 lupulae
970 1580 1439 1639 magnisconatibus
1481 1579 1680 1622 nefarias
1722 1579 1917 1622 insidias
1956 1579 2036 1621 tibi

265 1662 555 1708 comparant,
577 1666 776 1708 quarum
799 1667 983 1694 summa
1000 1663 1067 1694 est
1083 1665 1131 1695 ut
1151 1664 1191 1694 te
1212 1652 1438 1694 suadeant
1459 1666 1588 1693 meos
1605 1651 1844 1708 explorare
1864 1650 2038 1702 uultusq

266 1737 400 1779 quos,
428 1733 476 1764 ut
501 1721 583 1765 tibi
617 1737 754 1780 saepe
787 1722 1015 1780 praedixi„
1043 1737 1136 1765 non
1170 1722 1371 1774 uidebis,
1397 1721 1433 1764 si
1467 1721 1657 1764 uideris.
1688 1722 1811 1779 Ergo
1837 1721 1977 1779 igitur
2003 1721 2037 1763 si

265 1793 457 1851 posthac
475 1793 704 1851 pessimae
723 1794 826 1836 illae
845 1793 1010 1836 lamiae
1029 1793 1179 1836 noxiis
1195 1793 1366 1836 animis
1383 1806 1586 1836 armatae
1605 1793 1819 1836 uenerint
1836 1792 2041 1848 [uenient

266 1875 438 1916 autem„
476 1864 602 1919 scio),
639 1879 790 1922 neque
823 1864 1020 1908 omnino
1055 1879 1319 1907 sermonem
1358 1863 1568 1907 conferas
1599 1876 1657 1916 et7
1691 1864 1725 1907 si
1764 1863 1807 1906 id
1843 1864 2039 1906 tolerare

266 1950 350 1992 pro
369 1935 573 1993 genuina
594 1935 891 1993 simplicitate
912 1951 1090 1993 proque
1110 1935 1253 1978 animi
1274 1935 1339 1978 tui
1362 1934 1676 1980 teneritudine
1701 1949 1791 1978 non
1813 1935 2037 1992 potuerisa

266 2018 384 2049 certe
416 2009 471 2048 de
506 2006 673 2049 marito
709 2007 772 2049 nil
809 2007 1060 2064 quicquam
1097 2007 1171 2050 uel
1207 2007 1368 2049 audias
1404 2007 1477 2049 uel
1510 2007 1809 2064 respondeas.
1840 2007 1961 2049 Nam
1999 2017 2040 2048 et

266 2076 491 2120 familiam
520 2089 725 2121 nostram
759 2077 850 2120 iam
876 2078 1245 2136 propagabimus
1270 2089 1311 2120 et
1338 2077 1410 2120 hic
1441 2078 1593 2120 adhuc
1624 2076 1850 2120 infantilis
1882 2089 2040 2120 uterus
2082 2100 2103 2125 2

265 2160 409 2206 gestat
455 2149 591 2192 nobis
639 2148 862 2192 infantem
910 2149 1072 2202 alium,
1120 2149 1156 2192 si
1201 2149 1369 2192 texeris
1414 2161 1571 2192 nostra
1616 2161 1787 2192 secreta
1833 2149 2037 2201 silentio.s

265 2219 502 2272 diuinum„
529 2220 564 2263 si
593 2219 935 2278 profanaueris„
960 2220 1233 2264 mortalem³.

417 2312 463 2339 12
504 2297 685 2340 Nuntio
727 2297 908 2356 Psyche
950 2297 1066 2340 laeta
1105 2298 1300 2341 florebat
1339 2310 1379 2340 et
1419 2297 1608 2340 diuinae
1650 2296 1827 2339 subolis
1868 2297 2039 2340 solacio

266 2368 516 2425 plaudebat
553 2381 596 2412 et
634 2368 774 2411 futuri
818 2368 1028 2427 pignoris
1067 2369 1214 2428 gloria
1253 2369 1478 2428 gestiebat
1512 2381 1553 2411 et
1594 2368 1790 2411 materni
1833 2368 2040 2411 nominis

265 2439 488 2497 dignitate
506 2439 1045 2497 gaudebat.]Crescentes
1064 2440 1162 2484 dies
1179 2452 1222 2483 et
1241 2455 1425 2483 menses
1440 2451 1659 2483 exeuntes
1674 2439 1809 2482 anxia
1825 2451 2040 2482 numerat

266 2522 308 2553 et
344 2510 551 2554 sarcinae
587 2511 768 2554 nesciae
805 2512 1072 2554 rudimento
1109 2512 1305 2555 miratur
1339 2513 1395 2555 de
1429 2511 1561 2554 breui
1598 2511 1823 2568 punctulo
1858 2522 2036 2553 tantum

266 2581 657 2625 incrementulum
686 2582 928 2640 locupletis
953 2582 1087 2626 uteri.
1117 2583 1208 2628 Sed
1235 2583 1326 2626 iam
1352 2594 1502 2641 pestes
1523 2582 1627 2625 illae
1652 2582 2038 2639 taeterrimaeque

264 2652 410 2696 furiae
458 2653 730 2696 anhelantes
774 2653 1018 2711 uipereum
1061 2654 1190 2697 uirus
1231 2666 1272 2697 et
1311 2653 1582 2697 festinantes
1624 2653 1767 2711 impia
1807 2652 2037 2696 celeritate

265 2724 567 2784 nauigabant.
595 2726 730 2768 Tunc
767 2725 829 2768 sic
856 2725 1021 2769 iterum
1061 2726 1398 2770 momentarius
1435 2725 1628 2768 maritus
1664 2740 1793 2768 suam
1823 2724 2035 2782 Psychen

264 2797 486 2840 admonet
504 2814 510 2839 :
526 2796 653 2840 ‘Dies
670 2797 895 2855 ultima-et
913 2811 1046 2840 casus
1060 2799 1309 2840 extremus!
1337 2798 1404 2840 En
1423 2812 1559 2839 sexus
1580 2796 1773 2839 infestus
1788 2808 1830 2839 et
1850 2795 2039 2853 sanguis

265 2867 484 2911 inimicus
518 2868 608 2911 iam
642 2868 841 2926 sumpsit
872 2883 999 2911 arma
1031 2879 1073 2911 et
1102 2880 1248 2911 castra
1279 2867 1536 2912 commouit
1561 2880 1602 2910 et
1635 2867 1779 2910 aciem
1807 2867 1973 2910 direxit
1998 2878 2039 2909 et

264 2938 506 2982 classicum
530 2939 816 2997 personauit.
842 2940 939 2982 Iam
964 2954 1185 2982 mucrone
1206 2939 1423 2983 destricto
1444 2939 1658 2997 iugulum
1680 2950 1811 2981 tuum
1836 2937 2038 2980 nefariae

263 3022 368 3052 tuae
414 3025 595 3054 sorores
647 3022 824 3068 petunt.
881 3011 987 3053 Heu
1040 3009 1228 3067 quantis
1280 3024 1536 3069 urguemur
1581 3009 1808 3058 cladibus,
1857 3008 2038 3066 Psyche

264 3080 549 3125 dulcissima!
577 3081 667 3126 Tui
697 3081 935 3140 nostrique
962 3080 1181 3125 miserere
1206 3081 1515 3140 religiosaque
1535 3080 1820 3124 continentia
1842 3080 2035 3123 domum

2088 1033 2136 1059 11⁷)

2090 1388 2095 1413 i
2114 1374 2134 1414 5

2083 1742 2137 1770 ’,ΣΟ

2082 2438 2136 2482 ’50

2081 2795 2130 2809 „r

2081 2810 2134 2838 ³3
