2410 3487
446 381 472 418 8
509 381 607 424 Nec
644 380 910 424 Mercurius
941 379 1099 423 omisit
1133 378 1444 436 obsequium;
1485 393 1593 421 nam
1629 394 1709 436 per
1743 377 1958 421 omnium
1996 394 2073 421 ora

302 452 592 510 populorum
625 452 802 509 passim
826 451 1093 494 discurrens
1128 450 1192 492 sic
1223 449 1469 492 mandatae
1505 448 1866 506 praedicationis
1901 463 2076 492 munus

301 522 619 580 exequebatur
654 540 662 564 :
697 521 874 580 ‘Siquis
911 537 934 565 a
973 521 1081 580 fuga
1121 520 1353 564 retrahere
1394 520 1467 562 uel
1494 520 1723 563 occultam
1753 520 2076 563 demonstrare

302 592 472 651 poterit
501 592 753 652 fugitiuam
784 593 904 651 regis
934 593 1096 644 filiam,
1122 590 1320 635 Veneris
1353 591 1590 639 ancillam,
1618 591 1809 634 nomine
1842 591 2072 649 Psychen.

302 663 554 707 conueniat
570 676 692 707 retro
708 676 854 707 metas
872 663 1072 706 Murtias
1088 662 1249 706 Mercu
1259 662 1380 705 rium
1398 662 1786 720 praedicatorem„
1803 674 2077 719 accepturus

304 734 538 778 indiciuae
573 735 766 778 nomine
801 734 857 777 ab
898 734 997 792 ipsa
1036 735 1218 776 Venere
1259 745 1436 791 septem
1473 733 1601 776 sauia
1641 733 1806 776 suauia
1845 745 1887 775 et
1926 747 2075 775 unum

302 806 588 850 blandientis
612 807 810 864 adpulsu
838 805 1024 863 linguae
1050 805 1185 863 longe
1210 804 1471 847 mellitum³.
1499 805 1571 847 Ad
1598 804 1723 846 hunc
1749 804 1944 846 modum
1970 818 2078 860 pro-

303 877 550 920 nuntiante
570 876 806 920 Mercurio
821 876 934 919 tanti
950 876 1334 934 praemiicupido
1345 874 1554 918 certatim
1571 875 1787 917 omnium
1806 874 2079 917 mortalium

303 948 514 992 studium
553 949 808 991 adrexerat.
837 947 976 1004 Quae
1014 962 1085 990 res
1126 962 1251 990 nunc
1292 947 1365 989 uel
1405 946 1607 989 maxime
1648 945 1836 988 sustulit
1877 945 2080 1003 Psyches

302 1034 496 1063 omnem
522 1019 887 1062 cunctationem.
916 1018 1113 1076 Iamque
1134 1018 1255 1061 fores
1274 1018 1313 1061 ei
1334 1018 1555 1061 dominae
1575 1016 1859 1075 proximanti
1880 1016 2081 1059 occurrit

302 1105 395 1134 una
420 1091 476 1133 de
500 1089 796 1133 famulitione
815 1089 1013 1133 Veneris
1035 1089 1227 1132 nomine
1248 1089 1555 1134 Consuetudo
1576 1088 1828 1145 statimque
1847 1099 2078 1145 quantum

302 1161 507 1204 maxime
543 1160 695 1219 potuit
729 1161 954 1204 exclamat
982 1178 988 1203 :
1020 1160 1269 1213 Tandem,
1297 1160 1464 1203 ancilla
1499 1159 1807 1217 nequissima.
1834 1158 2078 1202 dominam

304 1232 476 1276 habere
499 1244 542 1275 te
567 1232 683 1275 scire
714 1232 938 1290 coepisti?
978 1247 1032 1274 an
1070 1247 1155 1290 pro
1186 1244 1334 1275 cetera
1370 1246 1561 1274 morum
1591 1243 1781 1274 tuorum
1821 1229 2080 1273 temeritate

303 1303 426 1347 istud
452 1318 643 1361 quoque
668 1303 846 1347 nescire
880 1315 922 1346 te
958 1304 1113 1362 fingis.
1142 1315 1342 1361 quantos
1379 1303 1563 1346 labores
1593 1303 1712 1346 circa
1745 1314 1847 1345 tuas
1882 1301 2080 1359 inquisi-

302 1374 452 1418 tiones
492 1375 887 1418 sustinuerimus}
930 1376 1010 1418 sed
1051 1375 1187 1425 bene.v
1229 1375 1355 1433 quod
1396 1389 1524 1417 meas
1569 1374 1870 1432 potissimum
1912 1387 2081 1415 manus

302 1445 506 1489 incidisti
544 1458 587 1489 et
620 1446 740 1490 inter
779 1446 888 1491 Orci
931 1461 1122 1490 cancros
1162 1447 1255 1490 iam
1296 1447 1423 1505 ipsos
1464 1445 1670 1489 haesisti.
1706 1446 1869 1489 datura
1910 1444 2082 1487 scilicet

302 1529 511 1561 actutum
537 1529 689 1561 tantae
716 1518 1038 1561 contumaciae
1070 1516 1278 1576 poenas³s

445 1611 472 1653 o
510 1596 566 1639 Et
595 1595 832 1639 audaciter
866 1596 910 1638 in
948 1596 1140 1654 capillos
1175 1596 1275 1639 eius
1310 1596 1523 1639 immissa
1557 1610 1698 1638 manu
1735 1594 1946 1638 trahebat
1979 1608 2079 1636 eam

303 1681 605 1724 nequaquam
632 1667 928 1710 renitentem.
956 1667 1117 1724 Quam
1145 1667 1224 1710 ubi
1262 1667 1470 1725 primum
1507 1667 1747 1710 inductam
1780 1665 2080 1722 oblatamque

303 1737 391 1781 sibi
428 1738 671 1796 conspexit
705 1739 884 1786 Venus.
924 1738 1234 1782 laetissimum
1275 1739 1558 1782 cachinnum
1598 1738 1773 1781 extollit
1813 1749 1855 1780 et
1893 1737 2078 1795 qualem
2125 1766 2144 1781 η

303 1809 454 1853 solent
477 1809 687 1853 furenter
720 1809 843 1863 irati,
869 1822 1103 1868 caputque
1128 1810 1345 1868 quatiens
1381 1823 1422 1853 et
1456 1810 1696 1868 ascalpens
1731 1824 1891 1853 aurem
1927 1809 2082 1852 dexte-

305 1896 403 1924 ram
433 1898 440 1924 :
465 1882 712 1925 ‘Tandem³
742 1881 896 1939 inquit
916 1881 1119 1941 ‘dignata
1144 1897 1191 1925 es
1216 1897 1404 1926 socrum
1429 1894 1557 1925 tuam
1585 1882 1813 1925 salutare?
1841 1896 1898 1924 an
1926 1880 2082 1939 potius

305 1952 548 2007 maritum,
575 1952 653 2011 qui
680 1965 761 1996 tuo
786 1953 984 1997 uulnere
1008 1953 1314 2012 periclitatur.
1342 1953 1618 1997 interuisere
1646 1952 1844 1996 uenisti}
1882 1953 1959 1995 sed
1986 1965 2082 1995 esto

307 2039 490 2078 secura.
518 2024 613 2067 iam
639 2024 768 2068 enim
794 2025 1023 2083 excipiam
1055 2037 1096 2068 te
1123 2037 1171 2068 ut
1201 2025 1378 2068 bonam
1417 2040 1593 2068 nurum
1629 2025 1877 2068 condecet³.
1907 2025 1963 2067 Et
1985 2023 2079 2066 cubi

305 2095 427 2139 sunt³
447 2095 601 2154 inquit
617 2095 913 2142 cSollicitudo
928 2108 1066 2154 atque
1080 2096 1333 2151 Tristities‚
1348 2096 1542 2140 ancillae
1559 2097 1720 2139 meae’J
1745 2095 1939 2152 Quibus
1959 2095 2081 2138 intro

304 2167 482 2211 uocatis
499 2168 815 2226 torquendam
834 2167 1025 2211 tradidit
1044 2183 1161 2211 eam.
1182 2172 1243 2212 At
1264 2168 1367 2211 illae
1389 2179 1635 2226 sequentes
1653 2167 1763 2210 erile
1780 2178 2080 2225 praeceptum

306 2238 521 2297 Psychen
549 2239 784 2282 misellam
807 2239 1001 2298 flagellis
1021 2239 1237 2283 afflictam
1257 2251 1299 2283 et
1318 2240 1481 2283 ceteris
1500 2239 1748 2283 tormentis
1772 2238 2081 2282 excruciatam

305 2310 475 2354 iterum
521 2310 741 2354 dominae
786 2311 1057 2368 conspectui
1103 2311 1322 2355 reddunt.
1368 2312 1506 2355 Tunc
1551 2326 1714 2354 rursus
1759 2310 1942 2353 sublato
1987 2309 2081 2353 risu

302 2383 465 2425 Venus
489 2400 496 2425 :
515 2386 573 2425 ‘et
597 2387 712 2425 ecce³
731 2381 884 2440 inquit
899 2382 1052 2426 ‘nobis
1071 2383 1245 2442 turgidi
1267 2383 1445 2426 uentris
1465 2382 1536 2426 sui
1561 2381 1793 2425 lenocinio
1813 2392 2084 2424 commouet

306 2453 675 2507 miserationem,
723 2454 847 2497 unde
893 2469 968 2497 me
1007 2455 1242 2512 praeclara
1283 2454 1446 2498 subole
1487 2454 1646 2497 auiam
1689 2453 1872 2497 beatam
1913 2453 2084 2496 scilicet

304 2523 455 2568 faciat.
486 2524 615 2568 Felix
640 2540 753 2568 uero
778 2540 880 2584 ego,
906 2540 1026 2583 quae
1051 2525 1098 2569 in
1125 2525 1227 2584 ipso
1252 2526 1413 2569 aetatis
1438 2541 1568 2569 meae
1594 2526 1707 2569 flore
1733 2525 1938 2569 uocabor
1957 2523 2079 2568 auia.

305 2607 347 2639 et
370 2596 480 2639 uilis
505 2595 698 2639 ancillae
731 2596 854 2640 filius
886 2612 1033 2655 nepos
1056 2597 1255 2641 Veneris
1286 2598 1459 2641 audiet.
1489 2596 1784 2654 Quanquam
1819 2596 1973 2654 inepta
1999 2611 2083 2654 ego

304 2666 474 2711 frustra
509 2667 659 2710 filium
697 2667 866 2711 dicam.
897 2668 1107 2727 Impares
1144 2669 1271 2712 enim
1308 2670 1500 2727 nuptiae
1536 2680 1578 2712 et
1613 2681 1850 2727 praeterea
1887 2668 1931 2710 in
1971 2667 2083 2710 uilla

304 2738 404 2782 sine
427 2738 624 2782 testibus
649 2750 691 2782 et
714 2751 843 2797 patre
869 2754 963 2782 non
994 2740 1316 2784 consentiente
1341 2739 1484 2784 factae
1508 2740 1741 2799 legitimae
1768 2754 1859 2782 non
1887 2751 2083 2797 possunt

306 2809 474 2864 uideri,
501 2825 551 2853 ac
577 2825 659 2868 per
684 2810 770 2853 hoc
795 2810 985 2868 spurius
1018 2811 1101 2854 iste
1127 2823 1368 2866 nascetur3
1406 2811 1442 2854 si
1474 2823 1627 2855 tamen
1664 2823 1852 2869 partum
1885 2809 2082 2852 omnino
2125 2826 2130 2834 ·

303 2880 510 2940 perferre
533 2893 574 2924 te
607 2882 868 2940 patiemur³.

455 2968 504 2996 10
542 2953 632 2997 His
671 2953 807 2996 editis
847 2953 1027 2996 inuolat
1075 2968 1178 2997 eam
1218 2966 1494 3012 uestemque
1536 2953 1831 3013 plurifariam
1870 2952 2083 2996 diloricat

304 3023 568 3082 capilloque
592 3024 787 3068 discisso
812 3037 855 3068 et
888 3024 1036 3083 capite
1062 3037 1372 3082 conquassato
1395 3025 1601 3084 grauiter
1625 3024 1800 3083 affligit,
1829 3036 1870 3068 et
1895 3036 2081 3082 accepto

304 3093 543 3139 frumento
569 3107 611 3139 et
646 3096 823 3140 hordeo
848 3107 891 3139 et
917 3095 1048 3139 milio
1073 3108 1115 3139 et
1146 3111 1381 3155 papauere
1416 3109 1458 3140 et
1490 3097 1635 3140 cicere
1670 3108 1712 3141 et
1747 3096 1867 3140 lente
1902 3108 1944 3140 et
1978 3095 2080 3139 faba

2128 1045 2178 1072 Is)

2130 1389 2177 1429 15

2125 2825 2177 2867 55
