2410 3487
251 1031 298 1056 10

251 1386 257 1410 ι
275 1370 296 1411 5

243 1745 264 1773 ‘2
273 1747 299 1773 o

248 2806 269 2848 ’5
280 2808 300 2847 5

1090 276 1139 281 —.
1208 264 1259 280 ‘0⁶‘
1329 276 1381 281 —

1210 284 1261 293 -.ι

342 379 701 435 commixtisque
728 377 980 421 aceruatim
1005 376 1212 421 confusis
1239 377 1284 421 in
1306 392 1455 421 unum
1482 380 1757 437 grumulum
1784 381 1846 425 sic
1871 382 1925 425 ad
1954 381 2078 425 illam
2104 399 2111 425 :

339 450 537 492 ‘Videris
558 449 682 492 enini
706 448 819 491 mihi
843 460 934 490 tam
956 447 1183 491 deformis
1201 448 1367 491 ancilla
1390 449 1520 492 nullo
1540 449 1631 492 alio
1650 451 1728 494 sed
1750 463 1930 496 tantum
1952 453 2116 496 sedulo

345 519 605 563 munisterio
631 532 861 562 amatores
892 531 996 562 tuos
1028 519 1305 577 promereri,
1333 519 1423 562 iam
1450 535 1562 579 ergo
1587 532 1630 564 et
1655 521 1753 579 ipsa
1778 521 1958 581 frugem
1986 535 2113 567 tuam

342 590 654 647 periclitabor.
717 589 936 633 Discerne
987 589 1223 633 seminum
1281 589 1476 634 istorum
1535 591 1771 649 passiuam
1826 593 2113 652 congeriem,

341 661 633 719 singulisque
668 660 825 719 granis
851 660 934 704 rite
959 660 1198 719 dispositis
1222 673 1360 719 atque
1385 661 1607 719 seiugatis
1637 674 1740 706 ante
1773 663 1920 721 ipsam
1947 679 2114 723 uespe-

342 747 437 774 ram
484 747 604 789 opus
648 731 918 789 expeditum
972 731 1231 790 approbato
1281 731 1423 775 milti'.
1472 731 1548 777 Sic
1593 732 1827 792 assignato
1878 746 2112 778 tantorum

341 802 577 845 seminum
615 802 807 845 cumulo
840 802 937 860 ipsa
963 817 1103 845 cenae
1135 802 1331 860 nuptiali
1359 802 1602 846 concessit.
1626 804 1723 847 Nec
1745 804 1924 863 Psyche
1946 819 2115 849 manus

340 872 598 915 admolitur
644 872 909 916 inconditae
956 873 1018 916 illi
1066 885 1108 916 et
1160 873 1464 916 inextricabili
1513 874 1643 928 moli,
1690 875 1767 918 sed
1824 875 2116 920 immanitate

341 943 572 1001 praecepti
600 956 892 987 consternata
913 944 1055 987 silens
1075 944 1377 1002 obstupescit.
1399 945 1536 988 Tunc
1554 944 1801 989 formicula
1822 946 1897 989 illa
1919 947 2115 1005 paruula

340 1026 476 1071 atque
515 1014 737 1060 ruricula.
764 1027 885 1058 certa
919 1014 1201 1058 difficultatis
1235 1027 1386 1059 tantae
1419 1015 1706 1075 laborisque,
1735 1017 1921 1061 miserta
1952 1029 2116 1061 contu-

341 1085 544 1128 bernalis
567 1085 721 1143 magni
749 1085 822 1129 dei
849 1100 1102 1143 socrusque
1123 1086 1367 1130 saeuitiam
1395 1099 1619 1141 execrata,
1641 1087 1909 1132 discurrens
1934 1089 2117 1133 nauiter

339 1168 567 1199 conuocat
621 1168 925 1214 corrogatque
971 1168 1184 1200 cunctam
1242 1157 1547 1202 formicarum
1593 1159 1855 1203 accolarum
1901 1160 2112 1204 classem.

336 1226 666 1279 Miseremini,
708 1239 854 1270 terrae
896 1227 1238 1285 omniparentis
1282 1228 1424 1287 agiles
1469 1230 1707 1283 alumnae,
1745 1229 2034 1274 miseremini
2074 1242 2117 1274 et

340 1297 530 1341 Amoris
567 1298 718 1349 uxori,
745 1299 927 1356 puellae
964 1298 1160 1356 lepidae,
1188 1299 1464 1357 periclitanti
1503 1313 1719 1360 prompta
1746 1302 1988 1345 uelocitate
2013 1317 2116 1346 suc-

339 1367 538 1411 currite'.
584 1368 749 1412 Ruunt
781 1368 897 1412 aliae
938 1384 1172 1427 superque
1211 1370 1327 1414 aliae
1367 1372 1592 1429 sepedum
1635 1373 1921 1431 populorum
1964 1373 2116 1417 undae

341 1453 625 1497 summoque
685 1440 841 1483 studio
897 1440 1108 1498 singulae
1162 1441 1393 1499 granatim
1439 1454 1588 1486 totum
1629 1442 1849 1502 digerunt
1892 1458 2114 1487 aceruum

340 1509 688 1568 separatimque
709 1510 971 1554 distributis
989 1511 1259 1570 dissitisque
1280 1513 1532 1571 generibus
1552 1529 1574 1556 e
1593 1525 1844 1572 conspectu
1867 1514 2117 1573 perniciter

340 1580 528 1625 abeunt

490 1673 531 1701 11
575 1657 666 1704 Sed
689 1659 822 1702 initio
840 1659 987 1702 noctis
1006 1674 1028 1702 e
1047 1659 1272 1703 conuiuio
1290 1661 1487 1719 nuptiali
1507 1661 1620 1705 uino
1638 1662 1833 1705 madens
1849 1673 1891 1705 et
1907 1661 2116 1721 fragrans

341 1728 546 1772 balsama
573 1730 734 1773 Venus
760 1742 934 1773 remeat
959 1742 1203 1788 totumque
1229 1731 1436 1775 reuincta
1461 1747 1631 1790 corpus
1662 1732 1780 1776 rosis
1813 1732 2114 1786 micantibus,

342 1799 534 1857 uisaque
569 1800 812 1859 diligentia
849 1800 952 1844 miri
989 1801 1162 1845 laboris
1190 1800 1298 1845 ‘non
1333 1801 1480 1846 tuum²
1504 1803 1657 1861 inquit
1684 1801 2006 1862 ‘nequissima,
2034 1819 2116 1848 nec

340 1882 525 1914 tuarum
566 1886 793 1915 manuum
835 1871 955 1915 istud
997 1887 1134 1931 opus,
1162 1874 1240 1917 sed
1282 1873 1423 1927 illius,
1450 1873 1522 1918 cui
1563 1886 1660 1928 tu0,
1700 1875 1846 1918 immo
1886 1887 1929 1919 et
1969 1874 2116 1934 ipsius

342 1941 464 1985 malo
490 1940 731 2000 placuisti'.
762 1943 818 1986 Et
852 1943 997 1987 frusto
1021 1943 1182 1987 cibarii
1210 1944 1345 2003 panis
1369 1945 1407 1988 ei
1442 1945 1648 2004 proiecto
1678 1945 1888 1990 cubitum
1915 1945 2113 1990 facessit.

344 2012 534 2056 Interim
562 2013 750 2071 Cupido
775 2015 902 2057 solus
928 2014 1165 2058 interioris
1189 2016 1360 2060 domus
1391 2017 1615 2075 gunaecei
1642 2016 1875 2070 [cubiculi]
1906 2017 2115 2061 custodia

341 2084 525 2127 clausus
557 2084 892 2129 cohercebatur
931 2085 1114 2139 acriter,
1153 2086 1320 2144 partim
1365 2102 1421 2130 ne
1461 2087 1686 2146 petulanti
1726 2088 1904 2132 luxurie
1942 2088 2116 2132 uulnus

340 2167 571 2213 grau-aret„
599 2156 766 2213 partim
804 2171 858 2199 ne
889 2171 994 2200 cum
1021 2172 1102 2200 sua
1127 2157 1283 2216 cupita
1318 2158 1608 2202 conueniret.
1646 2158 1724 2205 Sic
1757 2174 1868 2218 ergo
1902 2158 2116 2203 distentis

341 2238 383 2268 et
427 2226 514 2269 sub
555 2241 648 2269 uno
687 2239 805 2270 tecto
845 2228 1069 2286 separatis
1106 2229 1396 2272 amatoribus
1434 2241 1549 2274 tetra
1595 2245 1684 2273 nox
1724 2230 1976 2274 exanclata.
2023 2230 2115 2276 Sed

342 2301 524 2340 Aurora
563 2299 866 2342 commodum
894 2298 1183 2357 inequitante
1210 2312 1399 2344 uocatae
1426 2301 1635 2359 Psychae
1659 2302 1821 2345 Venus
1846 2301 1946 2345 infit
1969 2301 2077 2345 talia
2103 2313 2112 2344 2

339 2367 559 2411 ‘Videsne
606 2369 718 2413 illud
767 2384 950 2419 nemus,
987 2371 1112 2428 quod
1154 2371 1300 2414 fluuio
1338 2372 1668 2430 praeterluenti
1710 2372 1918 2431 ripisque
1964 2372 2116 2432 longis

285 2468 290 2469 ν
342 2439 614 2491 attenditur,
641 2440 773 2484 cuius
799 2440 877 2484 imi
907 2441 1112 2500 gurgites
1145 2441 1355 2486 uicinum
1381 2442 1554 2487 fontem
1591 2443 1887 2502 despiciunt?
1914 2458 2027 2488 oues
2051 2442 2114 2488 ibi

344 2509 532 2553 nitentis
576 2511 675 2554 auri
722 2511 886 2556 decore
931 2512 1150 2556 florentes
1195 2513 1477 2558 incustodito
1526 2526 1658 2573 pastu
1707 2526 1952 2574 uagantur.
2002 2515 2116 2559 Inde

342 2582 398 2624 de
433 2596 564 2625 coma
606 2582 794 2640 pretiosi
838 2583 1025 2627 uelleris
1064 2586 1258 2628 floccum
1304 2585 1420 2628 mihi
1461 2585 1705 2629 confestim
1743 2601 1936 2644 quoquo
1976 2586 2116 2630 modo

342 2652 603 2709 quaesitum
631 2653 812 2697 adferas
836 2654 1028 2698 censeo'.

494 2739 539 2767 12
580 2724 788 2769 Perrexit
835 2726 1015 2785 Psyche
1063 2727 1289 2781 uolentes,
1338 2743 1429 2771 non
1476 2728 1755 2786 obsequium
1802 2728 1990 2787 quidem
2039 2728 2115 2772 illa

345 2794 574 2848 sunctura,
601 2796 678 2838 sed
706 2797 913 2854 requiem
941 2798 1172 2842 malorum
1198 2798 1470 2857 praecipitio
1496 2799 1700 2843 fluuialis
1725 2799 1854 2858 rupis
1879 2799 2111 2843 habitura.

345 2865 435 2910 Sed
479 2866 584 2909 inde
622 2867 678 2910 de
719 2868 864 2911 fluuio
904 2868 1107 2912 musicae
1148 2869 1306 2913 suauis
1342 2870 1589 2924 nutricula,
1628 2870 1718 2914 leni
1755 2870 1932 2929 crepitu
1966 2869 2115 2914 dulcis

345 2951 482 2979 aurae
514 2937 744 2981 diuinitus
777 2939 1018 2997 inspirata,
1051 2940 1114 2983 sic
1146 2940 1427 2985 uaticinatur
1457 2942 1638 2985 arundo
1667 2941 1832 2985 uiridis
1864 2941 2111 3000 z‘Psyche,

346 3007 483 3050 tantis
514 3008 751 3051 aerumnis
782 3010 994 3063 exercita,
1023 3025 1172 3069 neque
1197 3023 1274 3055 tua
1305 3011 1568 3055 miserrima
1600 3023 1747 3055 morte
1779 3026 1904 3056 meas
1933 3022 2114 3055 sanctas

347 3093 490 3136 aquas
522 3079 701 3137 polluas
733 3095 814 3124 nec
847 3096 957 3124 uero
990 3082 1108 3125 istud
1142 3083 1283 3126 horae
1313 3095 1471 3126 contra
1504 3082 1824 3127 formidabiles
1853 3097 1966 3127 oues
1995 3082 2115 3127 feras
