2410 3487
290 365 370 418 fili,
397 379 641 422 nunquam
669 364 785 407 mihi
812 379 1035 407 concessu
1057 364 1196 407 deum
1220 364 1457 407 decretum
1487 364 1688 407 seruaris
1708 366 1957 417 honorem,
1983 366 2060 408 sed

291 436 412 479 istud
439 446 600 493 pectus
625 450 804 489 meum„
827 450 921 493 quo
944 435 1066 493 leges
1086 435 1425 478 elementorum
1455 447 1497 478 et
1522 436 1647 478 uices
1672 434 1876 478 siderum
1905 435 2063 493 dispo-

288 518 485 559 nuntur7
511 506 867 550 conuulneraris
892 506 1101 549 adsiduis
1127 506 1295 549 ictibus
1320 505 1589 563 crebrisque
1615 518 1824 549 terrenae
1850 505 2062 549 libidinis

288 577 551 621 foedaueris
575 577 762 620 casibus
781 588 1037 635 contraque
1058 578 1196 635 leges„
1221 589 1262 620 et
1283 576 1429 635 ipsam
1460 577 1648 629 Iuliam„
1671 576 2065 634 disciplinamque

288 648 524 707 publicam
574 648 793 706 turpibus
841 648 1084 692 adulteriis
1138 647 1531 691 existimationem
1584 648 1853 705 famamque
1910 662 2060 690 meam

289 720 493 772 laeseris„
522 719 564 762 in
594 731 853 778 serpentes7
884 720 927 762 in
966 719 1116 777 ignes,
1144 719 1191 761 in
1224 718 1360 765 feras„
1389 719 1433 761 in
1471 734 1582 761 aues
1617 730 1658 761 et
1692 718 1892 776 gregalia
1920 733 2064 775 pecua

290 805 478 834 serenos
506 790 665 833 uultus
690 805 820 833 meos
845 790 1030 833 sordide
1057 789 1375 842 reformandQ
1403 801 1445 832 at
1470 800 1625 832 tamen
1654 789 1909 832 modestiae
1936 804 2065 831 meae

290 876 490 915 memor7
517 862 739 919 quodque
767 861 886 904 inter
910 860 1019 904 istas
1038 875 1166 903 meas
1191 875 1361 903 manus
1380 859 1601 914 creueris7
1623 872 1786 902 cuncta
1808 859 2064 917 perficiam„

288 933 402 976 dum
444 944 599 975 tamen
642 931 758 974 scias
797 931 1009 974 aemulos
1049 943 1153 974 tuos
1193 945 1358 974 cauere
1399 945 1464 983 ac„
1507 930 1640 988 siqua
1678 945 1803 973 nunc
1849 930 1891 974 in
1934 930 2067 973 terris

290 1004 444 1062 puella
470 1003 727 1061 praepollet
751 1002 1121 1060 pulchritudine„
1154 1002 1411 1060 praesentis
1441 1001 1653 1045 beneficii
1682 1001 1828 1045 uicem
1858 1016 1939 1059 per
1963 1016 2062 1044 eam

290 1074 408 1118 mihi
440 1089 689 1133 repensare
714 1085 755 1117 te
780 1073 978 1117 debere³.

433 1146 487 1188 23
525 1145 600 1191 Sic
644 1145 765 1188 fatus
811 1145 939 1188 iubet
984 1145 1274 1189 Mercurium
1324 1146 1435 1188 deos
1481 1159 1645 1187 omnes
1696 1145 1751 1187 ad
1796 1144 2063 1187 contionem

290 1217 506 1275 protinus
530 1231 810 1269 conuocare,
837 1232 886 1259 ac
912 1216 1032 1274 siqui
1060 1228 1192 1259 coetu
1220 1217 1488 1259 caelestium
1518 1215 1763 1269 defuisses,
1792 1215 1837 1258 in
1865 1230 2064 1273 poenam

288 1288 447 1331 decem
461 1287 649 1331 milium
662 1302 914 1330 nummum
930 1303 1014 1331 con
1025 1299 1219 1331 uentum
1235 1287 1288 1331 iri
1302 1287 1626 1345 pronuntiare.
1641 1286 1755 1344 Quo
1773 1298 1897 1330 metu
1913 1287 2064 1329 statim

288 1359 522 1417 completo
551 1359 734 1402 caelesti
762 1359 941 1402 theatro
968 1374 1051 1417 pro
1077 1359 1182 1402 sede
1209 1359 1402 1402 sublimi
1429 1359 1594 1402 sedens
1615 1373 1836 1416 procerus
1858 1359 2070 1416 Iuppiter

290 1430 353 1473 sic
388 1430 602 1473 enuntiat
641 1446 648 1473 :
685 1430 786 1474 ‘Dei
825 1430 1076 1488 conscripti
1108 1431 1356 1473 Musarum
1399 1430 1523 1481 albo,
1552 1430 1897 1473 adulescentem
1926 1429 2064 1471 istum

289 1502 416 1559 quod
457 1501 680 1544 manibus
719 1501 837 1545 meis
877 1502 1148 1545 alumnatus
1183 1501 1291 1554 sinn
1324 1501 1531 1559 profecto
1568 1501 1692 1544 scitis
1722 1516 1904 1553 omnes,
1936 1500 2070 1543 cuius

290 1572 470 1630 primae
516 1573 777 1616 iuuentutis
817 1573 1044 1616 caloratos
1088 1573 1292 1631 impetus
1339 1572 1468 1616 freno
1503 1573 1708 1631 quodam
1754 1572 2070 1615 cohercendos

290 1644 574 1688 existimaui.
613 1644 693 1690 Sat
722 1656 788 1688 est
822 1644 1069 1688 cotidianis
1095 1660 1200 1687 eum
1229 1644 1400 1687 fabulis
1432 1644 1491 1687 ob
1523 1644 1751 1687 adulteria
1786 1655 2069 1701 cunctasque

289 1716 579 1774 corruptelas
627 1716 925 1760 infamatum.
972 1716 1205 1759 Tollenda
1250 1728 1316 1759 est
1360 1717 1516 1759 omnis
1566 1715 1747 1759 occasio
1796 1727 1838 1758 et
1887 1714 2069 1758 luxuria

291 1787 485 1845 puerilis
514 1787 807 1846 nuptialibus
832 1788 1008 1846 pedicis
1039 1788 1288 1846 alliganda.
1324 1788 1538 1831 Puellam
1571 1787 1707 1846 elegit
1733 1800 1774 1830 et
1800 1786 2069 1845 uirginitate

290 1858 528 1916 priuauit:
554 1871 706 1903 teneat
725 1859 978 1918 possideat,
1001 1860 1245 1917 amplexus
1268 1859 1481 1918 Psychen
1505 1874 1691 1917 semper
1711 1858 1807 1902 suis
1827 1857 2070 1901 amoribus

291 1929 587 1988 perfruatur³.
618 1932 674 1974 Et
707 1931 762 1974 ad
787 1932 1019 1974 Venerem
1054 1932 1235 1974 conlata
1260 1930 1373 1974 facie
1397 1929 1495 1973 ‘nec
1525 1928 1589 1973 tu³
1613 1930 1765 1988 inquit
1787 1930 1912 1983 ‘tilia7
1939 1929 2069 1987 quic-

290 2016 430 2059 quam
459 2001 749 2055 contristere,
773 2017 854 2045 nec
872 2003 1117 2060 prosapiae
1134 2014 1287 2045 tantae
1308 2014 1413 2045 tuae
1434 2002 1669 2059 statuique
1689 2002 1743 2045 de
1765 2000 2070 2044 matrimonio

291 2073 473 2116 mortali
503 2085 700 2116 metuas.
726 2074 824 2117 Iam
847 2073 950 2116 faxo
977 2074 1164 2132 nuptias
1191 2089 1281 2117 non
1311 2073 1533 2132 impares„
1559 2074 1635 2116 sed
1659 2073 1890 2131 legitimas
1913 2085 1954 2115 et
1979 2072 2068 2115 iuri

291 2144 418 2187 ciuili
445 2147 705 2203 congruas'.
730 2146 787 2188 Et
807 2145 912 2188 ilico
933 2160 1015 2203 per
1035 2145 1326 2188 Mercurium
1351 2145 1503 2203 adripi
1524 2145 1735 2203 Psychen
1757 2157 1800 2188 et
1820 2145 1865 2188 in
1888 2144 2065 2187 caelum

292 2216 483 2275 perduci
510 2215 639 2260 iubet
661 2227 704 2259 et
729 2229 941 2274 porrecto
961 2217 1226 2260 ambrosiae
1247 2217 1416 2275 poculo
1433 2216 1597 2260 ‘sume³
1618 2216 1771 2274 inquit
1789 2216 2006 2274 Psyche„
2029 2227 2071 2258 et

292 2287 575 2331 immortalis
606 2300 722 2339 estO„
750 2303 832 2331 nec
867 2303 1076 2346 unquam
1115 2288 1406 2348 digredietur
1439 2304 1461 2331 a
1498 2301 1577 2331 tuo
1605 2303 1723 2331 nexu
1755 2287 1961 2346 Cupido7
1989 2288 2068 2330 sed

295 2358 407 2402 istae
433 2359 570 2402 uobis
596 2363 1012 2418 eruntfpe1·petuae
1039 2358 1258 2418 nuptiae³.

437 2451 494 2492 24
530 2437 628 2480 Nec
654 2451 803 2490 mora7
830 2452 934 2479 cum
970 2452 1081 2480 cena
1117 2437 1341 2495 nuptialis
1372 2438 1552 2480 afluens
1584 2436 1844 2480 exhibetur.
1872 2440 2068 2480 Accum-

293 2508 432 2551 bebat
464 2523 706 2551 summum
748 2519 902 2551 torum
944 2508 1159 2563 maritus‚
1192 2509 1406 2567 Psychen
1443 2508 1623 2567 gremio
1658 2493 1742 2551 suo
1777 2508 2066 2566 complexus.

293 2578 370 2624 Sic
411 2590 452 2622 et
477 2593 581 2622 cum
621 2594 702 2622 sua
739 2579 921 2622 Iunone
961 2579 1174 2638 Iuppiter
1210 2595 1259 2623 ac
1295 2579 1465 2623 deinde
1503 2595 1585 2637 per
1608 2580 1824 2623 ordinem
1865 2579 1945 2622 toti
1977 2579 2066 2622 dei.

292 2651 428 2693 Tunc
449 2650 670 2708 poculum
700 2651 915 2704 nectaris,
942 2651 1067 2708 quod
1092 2651 1258 2694 uinum
1281 2652 1475 2695 deorum
1505 2663 1590 2705 est7
1614 2651 1715 2694 Ioui
1737 2651 1927 2708 quidem
1957 2666 2070 2693 suus

293 2721 536 2780 pocillator
557 2721 630 2764 ille
651 2721 853 2765 rusticus
873 2737 1007 2780 puer„
1028 2723 1192 2766 ceteris
1213 2738 1326 2766 uero
1346 2722 1485 2766 Liber
1502 2722 2069 2765 ministrabat.Vulcanus

291 2808 454 2836 cenam
483 2793 731 2851 coquebat,
755 2795 911 2837 Horae
933 2794 1049 2837 rosis
1074 2806 1116 2837 et
1134 2794 1297 2837 ceteris
1320 2794 1519 2837 floribus·
1537 2793 1865 2853 purpurabant
1889 2793 2067 2846 omnia7

292 2864 481 2909 Gratiae
538 2866 819 2923 spargebant
863 2865 1090 2919 balsama,
1138 2866 1302 2909 Musae
1349 2881 1462 2909 uoce
1513 2880 1682 2909 canora
1735 2865 2067 2923 personabant,v

291 2936 464 2994 Apollo
489 2938 695 2980 cantauit
729 2937 785 2980 ad
810 2936 1055 2990 citharam,
1081 2938 1244 2980 Venus
1279 2937 1414 2980 suaui
1448 2937 1652 2980 musicae
1684 2936 1875 2994 suppari
1907 2951 2066 2994 gressu

293 3007 534 3051 formonsa
570 3008 775 3062 saltauit,
813 3023 976 3051 scaena
1015 3008 1102 3051 sibi
1144 3008 1206 3051 sic
1242 3008 1539 3061 concinnata,
1581 3020 1629 3050 ut
1670 3008 1834 3050 Musae
1875 3007 2064 3065 quidem

294 3078 490 3122 chorum
528 3091 766 3133 canerent,
800 3079 936 3123 tibias
978 3079 1158 3123 inflaret
1199 3079 1399 3124 Saturus
1428 3091 1470 3122 et
1506 3079 1736 3122 Paniscus
1770 3079 1825 3122 ad
1864 3079 2064 3122 fistulam

2108 644 2129 684 5

2116 1011 2165 1038 l(‘)

2120 1367 2125 1393 ι
2143 1354 2164 1394 5

2113 1730 2168 1757 20

2113 2074 2165 2114 05

2112 2435 2133 2478 3
2142 2450 2167 2477 o

2112 2791 2133 2833 ‘5
2144 2792 2164 2833 5

296 3150 484 3194 diceret.
518 3150 595 3197 Sic
630 3151 714 3195 rite
741 3151 922 3210 Psyche
948 3151 1171 3195 conuenit
1197 3150 1241 3193 in
1276 3165 1473 3194 manum
1508 3150 1762 3208 Cupidinis
1799 3161 1839 3193 et
1865 3149 2069 3193 nascitur
2109 3166 2166 3207 40

295 3220 384 3266 illis
409 3233 596 3265 maturo
620 3235 754 3283 partu
782 3223 893 3276 filia,
917 3237 1056 3282 quam
1085 3222 1385 3282 Voluptatem
1413 3221 1736 3266 nominamus.
