2410 3487
1017 276 1314 320 —19-

277 393 383 436 ‘Per
403 406 487 450 ego
509 403 551 434 te
576 390 845 449 frugiferam
880 396 1007 434 tuam
1039 392 1273 435 dexteram
1304 391 1436 434 istam
1461 393 1702 449 deprecor,
1726 392 2051 449 pefflaetiticas

281 462 509 506 messium
534 462 859 514 caerimonias,
882 477 962 521 per
986 462 1120 505 tacita
1145 474 1319 506 secreta
1343 462 1562 506 cistarum
1591 475 1633 506 et
1658 478 1738 520 per
1762 463 2049 507 famulorum

280 546 472 578 tuorum
497 535 755 577 draconum
783 534 974 591 pinnata
999 533 1229 577 curricula
1255 544 1298 576 et
1321 532 1481 591 glebae
1513 532 1697 578 Siculae
1725 534 1985 577 sulcamina
2011 547 2053 577 et

280 620 472 650 currum
504 620 719 663 rapacem
751 617 792 648 et
827 617 997 648 terram
1034 616 1246 647 tenacem
1283 615 1325 646 et
1358 603 1704 647 inluminarum
1742 606 2053 663 Proserpinae

282 676 556 735 nuptiarum
576 676 848 720 demeacula
868 687 911 718 et
931 675 1275 718 luminosarum
1295 673 1415 717 filiae
1437 674 1679 718 inuention
1691 691 1770 719 um
1791 677 2054 720 remeacula

281 760 323 792 et
346 760 494 792 cetera
514 763 633 806 quae
658 747 844 791 silentio
863 746 973 805 tegit
1000 745 1236 789 Eleusinis
1260 744 1439 788 Atticae
1465 746 1739 800 sacrarium7
1763 747 2053 790 miserandae

282 820 488 878 Psyches
532 819 734 872 animae,
778 817 1003 876 supplicis
1047 828 1170 869 tuae„
1214 815 1430 859 subsiste.
1475 816 1602 860 Inter
1642 817 1777 860 istam
1818 818 2052 875 spicarum

280 890 549 950 congeriem
573 902 728 948 patere
763 889 836 932 uel
864 888 1090 946 pauculos
1124 887 1224 931 dies
1258 887 1547 942 delitescam,
1573 889 1728 946 quoad
1765 890 1878 932 deae
1902 901 2055 932 tantae

282 960 498 1004 saeuiens
523 960 589 1004 ira
615 959 763 1018 spatio
788 958 1014 1016 temporis
1045 957 1286 1016 mitigetur
1310 958 1385 1001 uel
1411 970 1529 1002 certe
1562 974 1691 1003 meae
1724 959 1848 1004 uires
1872 960 2056 1004 diutino

283 1032 440 1076 labore
465 1031 608 1075 fessae
633 1029 805 1088 quietis
831 1029 1079 1073 interuallo
1106 1029 1351 1073 leuentur'.

426 1103 447 1146 3
484 1101 692 1160 Suscipit
721 1101 863 1146 Ceres
891 1118 899 1144 t
929 1100 1063 1144 ‘Tuis
1094 1100 1288 1158 quidem
1320 1101 1581 1144 lacrimosis
1614 1102 1832 1160 precibus
1863 1113 1904 1145 et
1935 1117 2056 1145 com-

281 1188 480 1217 moueor
498 1185 540 1217 et
559 1172 779 1231 opitulari
799 1172 957 1230 cupio,
979 1172 1058 1215 sed
1079 1183 1300 1230 cognatae
1322 1187 1470 1227 meae,
1491 1187 1600 1216 cum
1620 1188 1711 1231 qua
1733 1173 1874 1216 etiam
1894 1173 2058 1216 foedus

282 1244 532 1302 antiquum
556 1243 788 1287 amicitiae
812 1244 931 1297 colo,
959 1243 1108 1286 bonae
1135 1255 1372 1301 praeterea
1403 1243 1628 1298 feminae,
1656 1245 1830 1287 malam
1861 1244 2056 1303 gratiam

282 1315 439 1359 subire
461 1330 659 1373 nequeo.
691 1315 872 1359 Decede
897 1315 1052 1372 itaque
1077 1315 1133 1358 de
1160 1314 1258 1358 istis
1278 1315 1473 1359 aedibus
1494 1315 1711 1373 protinus
1731 1327 1774 1359 et
1793 1317 1919 1373 quod
1942 1330 1966 1358 a
1986 1330 2060 1358 me

282 1398 459 1431 retenta
483 1386 809 1444 custoditaque
834 1401 926 1429 non
953 1385 1096 1429 fueris
1127 1385 1292 1444 optimi
1319 1387 1539 1430 consule³.
1568 1387 1742 1431 Contra
1769 1402 1901 1445 spem
1926 1402 2060 1430 suam

283 1458 468 1516 repulsa
494 1458 676 1516 Psyche
701 1469 743 1501 et
766 1457 930 1501 afflicta
955 1457 1131 1516 duplici
1160 1458 1407 1513 maestitia,
1430 1459 1515 1502 iter
1534 1470 1793 1502 retrorsum
1817 1459 2062 1518 porrigens

284 1529 402 1573 inter
426 1529 631 1573 subsitae
656 1528 886 1572 conuallis
921 1528 1226 1573 sublucidum
1251 1529 1411 1574 lucum
1436 1530 1661 1588 prospicit
1690 1530 1857 1574 fanum
1887 1530 2060 1574 sollerti

282 1599 455 1644 fabrica
480 1612 728 1654 structum,
756 1615 839 1643 nec
864 1600 1011 1643 ullam
1041 1601 1116 1644 uel
1141 1600 1337 1644 dubiam
1368 1601 1465 1660 spei
1498 1601 1706 1645 melioris
1738 1602 1867 1645 uiam
1898 1602 2062 1645 uolens

282 1671 496 1715 omittere
521 1673 601 1715 sed
627 1671 755 1715 adire
781 1671 1122 1730 cuiuscumque
1148 1672 1221 1716 dei
1248 1673 1460 1727 ueniam,
1486 1673 1676 1717 sacratis
1701 1673 1882 1717 foribus
1914 1673 2061 1732 proxi-

285 1754 394 1786 mat.
421 1742 561 1787 Videt
594 1743 717 1786 dona
743 1743 944 1801 pretiosa
970 1758 1019 1786 ac
1044 1742 1236 1786 lacinias
1261 1759 1376 1787 auro
1402 1744 1625 1788 litteratas
1660 1744 1803 1788 ramis
1837 1744 2060 1788 arborum
2106 1770 2111 1776 ·

284 1814 593 1872 postibusque
617 1814 820 1869 suffixas,
847 1829 966 1873 quae
993 1829 1101 1858 cum
1125 1815 1270 1873 gratia
1297 1814 1398 1859 facti
1435 1830 1606 1859 nomen
1633 1816 1745 1859 deae
1770 1815 1843 1859 cui
1878 1815 2065 1859 fuerant

283 1885 432 1928 dicata
471 1885 776 1929 testabantur.
814 1886 951 1929 Tunc
990 1901 1112 1945 genu
1154 1886 1260 1929 nixa
1305 1899 1347 1930 et
1391 1887 1613 1930 manibus
1653 1903 1782 1931 aram
1827 1898 2064 1945 tepentem

286 1956 499 2015 amplexa
523 1957 717 2000 detersis
742 1969 847 2000 ante
872 1956 1078 2000 lacrimis
1103 1957 1167 2000 sic
1192 1959 1473 2016 adprecatur
1500 1975 1508 2001 :

427 2048 457 2090 4
486 2034 662 2093 ‘Magni
691 2033 819 2078 Iouis
858 2049 1081 2094 germana
1107 2046 1149 2078 et
1172 2035 1389 2094 coniuga‚
1418 2035 1517 2079 siue
1557 2047 1605 2079 tu
1639 2034 1789 2089 Sami,
1817 2051 1935 2093 quae
1968 2036 2064 2079 sola

287 2115 420 2162 partu
458 2105 713 2163 uagituque
738 2117 782 2149 et
815 2105 1040 2149 alimonia
1074 2117 1152 2149 tua
1186 2106 1430 2164 gloriatur,
1457 2119 1585 2150 tenes
1621 2118 1802 2150 uetusta
1837 2107 2062 2160 delubra3
2108 2127 2128 2151 ·.

287 2175 386 2219 siue
410 2176 556 2220 celsae
581 2176 899 2235 Carthaginis,
926 2192 1045 2235 quae
1071 2189 1112 2220 te
1138 2177 1374 2237 uirginem
1401 2190 1590 2222 uectura
1619 2178 1767 2222 leonis
1791 2179 1918 2222 caelo
1943 2193 2064 2222 com-

287 2258 524 2291 meantem
548 2248 759 2306 percolit,
787 2248 943 2292 beatas
968 2248 1100 2292 sedes
1125 2247 1421 2306 frequentas3
1448 2250 1547 2293 siue
1569 2264 1714 2308 prope
1736 2249 1860 2308 ripas
1883 2250 2063 2301 Inachi„

287 2318 367 2376 qui
393 2329 434 2361 te
461 2318 554 2362 iam
578 2331 776 2377 nuptam
806 2319 1039 2363 Tonantis
1070 2331 1113 2363 et
1144 2320 1358 2379 reginam
1389 2322 1586 2365 dearum
1621 2332 1869 2375 memorat,
1896 2321 2067 2365 inclitis

286 2389 578 2448 Argiuorum
623 2391 860 2448 praesides
905 2391 1184 2446 moenibus·7
1241 2407 1385 2450 quam
1430 2405 1625 2436 cunctus
1671 2392 1827 2437 oriens
1871 2393 2067 2452 Zygiam

289 2473 542 2505 ueneratur
571 2473 613 2505 et
637 2462 794 2505 omnis
828 2462 1044 2506 occidens
1077 2463 1309 2506 Lucinam
1345 2465 1547 2522 appellat
1575 2482 1582 2507 ;
1611 2464 1672 2507 sis
1708 2464 1825 2508 meis
1850 2465 2067 2508 extremis

288 2531 473 2576 casibus
499 2533 619 2576 Iuno
645 2532 832 2591 Sospita
860 2548 1028 2591 meque
1053 2533 1099 2577 in
1126 2534 1265 2578 tantis
1290 2534 1534 2578 exantlatis
1565 2535 1807 2578 laboribus
1837 2535 2066 2578 defessam

290 2602 584 2647 imminentis
610 2604 804 2662 periculi
838 2616 963 2648 metu
1000 2604 1161 2649 libera.
1200 2605 1347 2663 Quod
1382 2606 1542 2660 sciam,
1581 2607 1700 2649 soles
1735 2606 2068 2665 praegnatibus

290 2673 663 2732 periclitantibus
685 2675 804 2719 ultro
825 2675 1106 2719 subuenire³.
1128 2678 1202 2720 Ad
1224 2677 1368 2721 istum
1392 2678 1589 2721 modum
1609 2677 1891 2736 supplicanti
1913 2677 2066 2721 statim

290 2760 387 2788 sese
421 2746 542 2789 Iuno
573 2761 678 2789 cum
715 2746 856 2790 totius
892 2746 962 2790 sui
1000 2747 1213 2791 numinis
1247 2761 1444 2807 augusta
1479 2749 1702 2807 dignitate
1739 2760 2002 2807 praesentat
2027 2761 2069 2792 et

290 2816 507 2875 protinus
534 2835 542 2860 :
572 2819 731 2876 ‘quam
763 2817 948 2860 uellem³
972 2817 1126 2875 inquit
1153 2819 1250 2877 ‘per
1274 2819 1434 2873 fidem„
1462 2832 1631 2863 nutum
1664 2835 1825 2863 meum
1851 2820 2068 2878 precibus

290 2887 382 2931 tuis
407 2889 789 2932 accommodare!
829 2888 920 2934 Sed
957 2900 1117 2932 contra
1155 2890 1451 2934 uoluntatem
1477 2892 1692 2944 Veneris,
1733 2907 1881 2935 nurus
1918 2907 2065 2937 meae.

291 2974 435 3016 quam
459 2959 580 3003 filiae
606 2974 792 3018 semper
815 2959 951 3003 dilexi
979 2961 1098 3013 loco,
1126 2972 1358 3018 praestare
1385 2977 1459 3006 me
1485 2964 1638 3021 pudor
1663 2977 1754 3005 non
1783 2962 1908 3006 sinit.
1932 2963 2068 3006 Tunc

291 3029 433 3074 etiam
457 3030 655 3089 legibus,
684 3046 802 3088 quae
838 3046 1001 3075 seruos
1025 3031 1205 3075 alienos
1231 3032 1447 3091 perfugas
1478 3033 1641 3077 inuitis
1672 3033 1879 3077 dominis
1910 3045 2069 3077 uetant

293 3101 485 3159 suscipi,
514 3102 796 3159 prohibeor³.

2108 1054 2155 1081 lo

2110 1396 2156 1437 15

2110 2466 2131 2508 '3
2140 2481 2164 2505 o
